3170 4984
262 389 325 449 218
738 385 803 442 Otto
821 385 950 441 Bocksch

260 565 349 630 niam
365 562 464 629 etiam
480 560 556 626 odio
569 559 739 643 Tarquinii
754 559 893 626 nominis
905 558 1095 626 iamdudum
1106 560 1324 643 premebatur,
1337 558 1427 625 deni·

260 687 323 751 que
353 663 513 731 adductus
540 667 604 744 est,
634 667 670 726 ut
691 680 751 728 sua
778 667 894 743 sponte
923 661 1114 744 magistratu
1136 660 1286 745 deposito
1317 661 1429 727 urbem

259 769 466 851 relinqueret
510 763 578 830 Sed
607 761 782 829 tenendum
806 768 856 827 est
877 763 1134 829 coniurationem
1162 765 1229 829 iam
1250 769 1348 830 antea
1369 782 1428 848 op·

259 890 406 955 pressam
422 886 495 933 esse
510 866 606 944 (Plut.
618 865 712 930 Publ.
729 868 831 950 3-63
848 867 889 944 7).
919 865 1114 950 Dionysii
1130 885 1208 932 vero
1224 872 1337 931 auctor
1352 885 1427 931 con·

260 973 453 1039 iurationem
476 973 508 1034 ct
523 966 676 1033 Collatini
695 966 936 1034 abdicationem
958 969 1005 1033 ita
1019 969 1264 1051 conglutinavit,
1286 976 1323 1034 ut
1344 967 1430 1034 hanc

260 1075 354 1158 quasi
375 1078 501 1156 partem
522 1069 571 1134 illi
594 1070 765 1136 insereret:
789 1069 906 1135 Brutus
929 1069 1101 1153 Collatino,
1126 1071 1203 1153 quia
1226 1072 1254 1138 is
1276 1071 1428 1138 Vitellios

260 1184 293 1242 et
307 1175 471 1259 Aquillios
494 1192 609 1239 severo
632 1172 793 1255 supplicio
816 1172 928 1237 levare
950 1172 1082 1257 studuit,
1106 1174 1308 1246 consulatum
1332 1173 1428 1239 abro-

259 1284 332 1363 gat;
354 1277 535 1344 Collatinus
558 1293 593 1342 sc
615 1273 748 1340 abdicat
770 1280 803 1339 et
822 1273 933 1339 urbem
949 1275 1118 1358 relinquit;
1142 1275 1292 1342 Valerius
1315 1276 1429 1341 consul

260 1380 414 1448 suffectus
429 1383 572 1459 creatur,
596 1383 664 1443 tum
686 1376 817 1442 demum
832 1377 969 1459 Aquillii
993 1386 1026 1444 et
1040 1379 1165 1445 Vitellii
1187 1384 1221 1444 et
1236 1377 1429 1444 damnantur

260 1489 293 1550 et
314 1481 476 1566 supplicio
498 1479 700 1546 adficiuntur.
707 1481 730 1555 ¹)

346 1583 471 1650 Eadem
493 1581 606 1646 fabula
627 1581 793 1646 annalium
816 1581 1009 1664 scriptorum
1030 1587 1100 1648 arte
1121 1582 1280 1664 paulatim
1297 1585 1431 1650 exculta

259 1691 420 1769 auctaque
442 1686 513 1750 cius
535 1683 583 1748 rei
605 1684 741 1766 praebet
762 1702 884 1749 novum
908 1684 1103 1768 exemplum,
1127 1703 1225 1766 quam
1240 1685 1429 1753 Nitzschiur

259 1795 346 1855 recte
369 1789 410 1853 in
432 1786 616 1868 singulis
638 1791 843 1869 perspectam
866 1785 994 1867 iniuria,
1017 1791 1053 1850 ut
1068 1786 1176 1868 credo,
1199 1788 1239 1852 in
1261 1789 1430 1854 univer·

260 1911 344 1958 sum
373 1889 415 1954 de
438 1888 589 1972 Dionysii
616 1888 801 1952 narratione
827 1889 992 1971 professus
1022 1894 1086 1954 est:
1115 1890 1304 1956 memoriam
1333 1908 1429 1956 serae

259 1993 376 2058 aetatis
401 1995 506 2074 (putat
527 1991 678 2066 Antiatis)
701 1990 735 2054 in
757 1991 816 2055 illa
837 1991 1042 2056 coniunctam
1064 2009 1137 2056 esse
1160 2011 1232 2058 cum
1255 1991 1322 2058 alia
1336 1999 1430 2058 vetu-

260 2095 411 2161 stissima.
455 2091 602 2158 Cicero
632 2092 718 2158 enim
748 2092 883 2157 Brutum
911 2092 1073 2159 Collatino
1102 2093 1304 2159 consulatum
1332 2094 1428 2160 abro-

259 2197 390 2280 gavissc
412 2194 605 2270 crcdcbat²l
642 2193 762 2260 Contra
783 2195 904 2261 Livio
927 2200 1058 2261 auctore
1074 2193 1255 2262 Collatinus
1275 2196 1429 2278 precibus

260 2298 352 2363 Bruti
368 2303 546 2364 commotus
570 2317 629 2362 aua
651 2303 767 2380 sponte
789 2297 1014 2379 magistratum
1037 2297 1198 2382 deposuit,
1220 2304 1257 2362 ut
1271 2299 1430 2382 populum

260 2401 441 2465 Romanum
469 2399 607 2466 nominis
637 2398 807 2482 Tarquinii
835 2399 949 2464 timore
983 2399 1145 2465 liberaret.
1194 2399 1301 2466 Etiam
1330 2400 1430 2466 Plu·

260 2500 430 2570 tarchus
453 2500 650 2568 Collatinum
672 2502 756 2566 ultro
779 2500 960 2568 decessisse
983 2508 1109 2584 narrat,
1132 2521 1329 2587 quamquam
1352 2523 1429 2586 per-

260 2606 378 2686 multa,
402 2623 487 2687 quae
510 2605 575 2668 iam
598 2603 743 2686 ostendi,
767 2604 802 2667 in
822 2605 1009 2670 narratione
1031 2606 1118 2688 eius,
1141 2606 1169 2670 si
1193 2625 1266 2671 cum
1288 2605 1430 2672 Liviana

261 2713 498 2790 comparantur,
513 2712 634 2772 novata
650 2725 721 2772 esse
737 2712 983 2789 cognoscuntur.
1019 2707 1064 2772 At
1077 2707 1120 2772 ab
1137 2715 1310 2773 auctore
1326 2708 1430 2774 Dio-

260 2808 372 2890 nysii
401 2814 434 2873 et
461 2827 549 2874 nova
571 2814 700 2875 servata
722 2814 756 2874 et
776 2808 1003 2890 antiquissima
1032 2809 1189 2874 memoria
1211 2809 1258 2874 ita
1279 2809 1430 2876 restituta

261 2916 320 2993 est,
343 2917 380 2976 ut
395 2909 574 2976 Collatinus
596 2929 792 2994 quamquam
808 2909 926 2976 Brutus
949 2911 980 2976 ei
1003 2911 1227 2994 magistratum
1249 2912 1315 2977 iam
1333 2912 1429 2978 abro-

260 3012 361 3096 gavit,
385 3018 493 3080 tameu
516 3011 573 3095 Sp.
597 3012 739 3077 Lucretii
762 3013 867 3077 soceri
888 3012 1041 3096 precibus
1064 3012 1224 3080 adductus
1248 3015 1345 3080 etiam
1368 3033 1429 3080 sna

260 3119 376 3198 sponte
398 3115 511 3196 abeat3
540 3134 636 3199 quam
659 3113 700 3179 ob
729 3132 798 3179 rem
821 3114 962 3197 denique
991 3134 1012 3180 a
1034 3114 1133 3180 Bruto
1160 3121 1193 3181 et
1221 3115 1372 3182 laudatur
1395 3124 1429 3182 et

259 3236 380 3302 magna
401 3219 540 3300 pecunia
562 3216 738 3296 donaturi)

260 3339 461 3347 ---—....——-.

349 3391 374 3452 l)
392 3386 521 3441 Virclrius
538 3384 568 3450 (l.
580 3384 598 3437 1.
610 3400 638 3452 p.
653 3387 696 3451 23)
713 3383 785 3436 hanc
801 3381 924 3438 fabulam
941 3383 996 3439 sibi
1013 3384 1100 3452 clegit,
1119 3389 1150 3438 ut
1166 3384 1324 3439 memoriam
1334 3383 1428 3441 Liria·

260 3485 323 3524 nam
340 3470 516 3525 vetustiorem
533 3483 594 3524 csse
612 3468 821 3535 demonstraret,
839 3484 921 3535 quam
939 3468 1080 3523 Plutarchi
1097 3469 1284 3540 Dionysiique.

349 3559 375 3618 a)
395 3555 435 3610 cf.
451 3554 506 3610 cic.
519 3553 597 3608 Brut.
613 3559 653 3619 14,
667 3557 699 3609 sa
717 3557 746 3608 et
763 3552 797 3606 ue
815 3553 861 3609 off.
873 3553 915 3608 111
928 3559 969 3618 rc,
982 3558 1028 3624 4⁰3
1047 3555 1200 3624 schweglsr
1212 3548 1303 3610 ‘Rom
1317 3556 1417 3612 dach.

243 3639 288 3694 -Il
306 3643 339 3694 82
356 3641 389 3692 A.
407 3647 437 3709 ις
456 3639 551 3695 Virclr.
568 3640 586 3694 1.
604 3640 624 3696 1.
642 3657 669 3710 p.
689 3641 731 3693 24.

349 3729 376 3789 3)
393 3725 521 3780 Virokius
538 3725 556 3778 l.
575 3725 594 3780 l.
612 3741 641 3794 p.
660 3730 691 3780 37
712 3723 869 3794 suspicatur
886 3725 959 3780 hanc
976 3724 1098 3778 fabulam
1116 3724 1150 3779 de
1168 3725 1297 3780 Collatini
1314 3725 1427 3780 abdica·

260 3809 337 3865 tione
354 3810 533 3879 compositam
551 3826 612 3866 esse
628 3810 665 3865 ad
681 3809 821 3880 exemplar
838 3809 995 3864 mbunatur
1013 3810 1207 3878 abrogationis,
1225 3827 1284 3882 qua
1295 3811 1337 3865 Ti.
1351 3812 1428 3867 Sem-

260 3895 374 3963 pronius
393 3895 535 3950 Gracchus
554 3896 697 3951 Octarium
715 3895 752 3964 pl.
770 3895 909 3950 tribunum
927 3893 988 3950 loco
1005 3896 1135 3962 removit,
1153 3911 1185 3950 eo
1203 3902 1311 3952 tautum
1329 3896 1428 3952 discri-

260 3979 334 4034 mine
350 3980 525 4050 interposito,
543 3980 616 4051 quod
634 3981 747 4036 Octauio
770 3995 801 4034 rc
817 3995 883 4035 vcra
899 3980 1075 4048 magistratus
1098 3981 1260 4049 abrogatur,
1280 3981 1426 4048 Collatino,

260 4065 420 4135 priusquam
442 4067 514 4121 idem
535 4067 585 4121 fiat
606 4066 718 4131 (rectius
736 4066 864 4120 dicerem:
888 4081 1054 4136 quamquam
1077 4066 1148 4120 idem
1169 4068 1224 4121 iam
1246 4067 1352 4121 lactum
1376 4073 1429 4134 est)

260 4150 407 4206 Lucretius
424 4152 585 4221 persuadet,
604 4155 636 4206 ut
653 4165 704 4208 sua
721 4154 819 4220 sponte
837 4151 954 4206 abdicet.
989 4151 1034 4207 Ad
1057 4151 1126 4206 illud
1144 4152 1297 4221 Sempronii
1321 4151 1427 4208 factum
