3170 4984
149 397 222 466 Quae
238 396 308 451 ratio
325 395 476 452 intercedat
493 396 564 452 inter
575 396 730 453 Vitruvium
749 401 776 451 et
788 397 958 452 Athenaeum
976 398 1170 454 mechanicum.
1208 397 1270 460 285

22 569 39 626 h:
116 566 186 634 ἔνια
208 563 265 632 tei
281 568 348 631 τῶν
359 569 485 654 μικρῶν
501 568 666 652 nebodet·
720 571 875 636 nonnulla
909 589 987 636 vero
1021 578 1094 638 sunt
1122 589 1205 655 quae
1238 572 1272 637 iu

22 671 28 730 21
114 665 246 752 γμάτων
264 665 325 754 τὴν
341 673 532 754 φαντασίαν
544 673 665 736 ποιοῦ·
721 673 962 756 exemplaribus
1009 673 1159 739 videntur
1202 674 1272 739 veri

21 793 35 836 e
116 791 177 836 σιν.
204 761 319 855 οὐγὰρ
334 776 483 854 γίνονται
500 766 664 859 sigelin·
721 775 855 857 similia,
887 795 959 841 eum
988 780 1097 841 autem
1125 793 1272 842 erescere

23 879 39 957 {³3
118 893 169 936 σιν
184 869 226 936 τὰ
242 874 399 937 τοιαῦτα·
423 871 527 939 πάλιν
544 873 580 940 δὲ
604 867 660 939 ἐπ’
720 881 905 960 coeperunt,
920 875 1114 942 dilabuntur.
1138 876 1270 942 aliaeu·

27 999 39 1060 ζ,
116 971 209 1039 ἐνίων
225 971 327 1058 μικρὰ
350 974 609 1060 παραδείγματα
626 968 664 1041 od
721 985 786 1044 tem
815 969 1017 1062 exemplaria
1044 997 1109 1044 non
1137 983 1272 1062 possunt

115 1072 253 1140 δύναται
285 1079 462 1161 γενέσθαι,
504 1069 590 1143 ἀλλὰ
622 1074 664 1143 τὰ
720 1079 858 1164 hahere,
888 1079 948 1146 sed
977 1099 1036 1164 per
1061 1099 1097 1145 se
1119 1081 1270 1146 eonstitu-

20 1197 41 1248 α
115 1175 308 1262 ἐνεργοῦντα
346 1171 450 1257 eibi-9
483 1201 664 1246 κατασκευ-
721 1189 825 1248 untur.

25 1307 39 1350 24·
115 1277 257 1357 άζονναι.

25 1447 36 1456 ,.
198 1383 349 1450 Proxime
379 1403 456 1452 sane
487 1404 526 1452 ea
554 1387 638 1454 inter
660 1406 696 1454 se
717 1387 895 1470 attingunt,
926 1386 984 1453 sed
1007 1393 1144 1470 putasne
1166 1386 1270 1452 Vitru-

19 1499 30 1560 ,1
114 1485 199 1549 vium
229 1505 288 1553 sua
310 1484 480 1554 Athenaeo
503 1487 648 1554 dehere?
678 1489 812 1554 minime
841 1490 932 1556 licet!
962 1489 1045 1554 Nam
1068 1487 1157 1572 apud
1179 1489 1269 1554 illum

19 1615 42 1660 a:
116 1587 178 1652 iam
200 1587 341 1654 vidimus
369 1594 434 1653 tam
458 1590 541 1655 bene
563 1591 740 1674 procedere
762 1591 1007 1674 expositionem,
1030 1598 1065 1656 ut
1087 1591 1144 1656 vix
1166 1592 1271 1674 possis

19 1719 43 1766 34:
113 1687 289 1772 quidquam
304 1690 428 1774 tollere,
451 1692 529 1774 quin
545 1697 654 1758 cetera
668 1691 787 1759 reddas
807 1692 932 1777 inania;
955 1691 1044 1776 apud
1066 1692 1270 1759 Athenaeum

19 1823 42 1869 q,
112 1796 217 1857 autem
247 1811 311 1875 quo
340 1793 461 1859 referas
491 1793 572 1859 illud
592 1787 848 1879 κπαραπλήσιόν
878 1789 938 1876 τί,
969 1797 1026 1862 vix
1049 1794 1165 1862 habes:
1195 1815 1270 1861 nam

18 1923 44 1972 a:
113 1890 288 1960 Callistrati
318 1895 432 1961 vitium
462 1897 558 1980 plane
589 1903 658 1963 erat
686 1897 776 1962 aliud
793 1903 902 1980 atque
932 1916 1042 1964 eorum
1073 1898 1128 1981 qui
1154 1896 1270 1963 Chium

18 2035 42 2078 :sn
113 1997 350 2080 oppugnabant.
396 1996 635 2082 contraquam
658 2005 737 2082 apta
759 1999 823 2065 sint
852 1999 910 2064 illa
932 2000 1043 2083 verba,
1066 2000 1110 2064 ad
1133 1999 1271 2066 Calliam

18 2133 43 2182 ,232
111 2097 221 2182 relata,
244 2118 310 2165 non
336 2118 470 2166 necesse
493 2107 543 2166 est
564 2100 714 2167 indicem.
759 2100 867 2184 Atque
890 2120 952 2183 ego
974 2100 1105 2185 quidem
1129 2103 1162 2167 in
1185 2122 1269 2169 com·

112 2200 197 2265 muni
227 2200 316 2266 fonte
346 2221 410 2267 non
439 2202 544 2268 solum
566 2204 731 2270 exstitisse
755 2210 787 2269 et
809 2202 934 2269 Galliae
957 2203 1189 2284 etCallistrati
1213 2223 1269 2270 ex·

111 2302 233 2386 empla,
265 2301 324 2368 sed
347 2303 445 2369 etiam
468 2305 630 2388 quomodo
654 2303 852 2387 significavi,
876 2306 922 2371 ita
943 2304 1011 2372 fere
1034 2327 1074 2372 ea
1100 2306 1269 2372 coniuncta

22 2399 42 2488 „
111 2399 207 2471 fuisse
223 2405 294 2472 veri
311 2424 383 2472 esse
398 2406 598 2472 simillimum
614 2408 760 2474 arbitror.
792 2408 840 2473 Ac
860 2407 995 2474 forsitan
1017 2406 1131 2473 addita
1152 2409 1270 2473 luerint

17 2525 41 2606 ὡς
110 2506 205 2571 etiam
222 2527 309 2592 qnae
323 2507 411 2592 apud
429 2509 608 2575 Vitruvium
623 2529 654 2592 p.
668 2511 740 2591 281,
761 2511 884 2574 15-20
901 2509 943 2575 de
959 2508 1088 2574 terebra
1109 2509 1268 2592 leguntur,

110 2626 305 2693 quamquam
321 2611 349 2676 si
365 2610 437 2694 quis
452 2629 492 2676 ea
514 2612 620 2695 ipsum
642 2611 685 2678 de
707 2631 766 2679 suo
782 2612 964 2677 Vitruvium
986 2610 1148 2678 adiecisse
1170 2610 1268 2692 dicat,

112 2717 196 2778 certo
218 2718 411 2795 argomento
432 2713 567 2779 refutari
587 2715 709 2798 nequit.

17 2871 18 2902 ,
193 2814 329 2898 Iamque
352 2814 488 2882 efficitur
510 2817 573 2899 eis,
604 2837 687 2901 quae
710 2815 808 2883 modo
831 2817 1058 2900 cognovimus,
1082 2816 1124 2883 de
1146 2815 1268 2882 aliare

17 2925 18 2932 ’
52 2907 56 2923 “
111 2914 138 2979 si
160 2935 223 2982 non
246 2923 335 2984 certa
357 2919 516 2986 sententia
538 2925 646 2985 tamen
668 2918 844 2985 admodum
867 2917 1045 3001 probabilis
1068 2917 1268 2985 coniectura:

112 3014 262 3101 Sequitur
293 3019 378 3084 enim
409 3026 441 3086 et
469 3020 558 3105 apud
581 3019 783 3088 Athenaeum
806 3025 879 3104 post
903 3019 1074 3104 Epimaohi
1100 3017 1269 3085 machinae

113 3117 362 3206 descriptionem
392 3129 425 3190 et
452 3123 541 3206 apud
565 3123 747 3188 Vitruvium
777 3123 963 3206 postillam
985 3122 1269 3204 narratiunculam,

113 3239 248 3302 quacum
279 3224 396 3291 eadem
421 3224 599 3308 descriptio
621 3230 774 3292 contexta
797 3231 862 3307 est,
893 3224 1003 3290 damni
1026 3223 1113 3308 quod
1135 3241 1156 3289 a
1177 3221 1268 3290 chiis

45 3356 59 3406 2
114 3321 252 3392 hostium
269 3328 431 3394 sambucis
447 3328 573 3392 illatum
589 3327 641 3411 sit,
663 3327 828 3393 memoria.
860 3324 955 3404 Quod
970 3327 1028 3392 vix
1050 3345 1127 3394 casu
1149 3325 1269 3392 factum

113 3443 182 3492 esse
198 3428 317 3514 iudico,
341 3447 537 3514 quamquam
559 3431 724 3514 utriusque
747 3430 888 3496 auctoris
910 3429 1053 3495 narratio
1075 3427 1165 3496 aliud
1188 3427 1267 3512 quid

112 3536 245 3611 spectat.
296 3532 344 3598 Ao
372 3533 527 3616 perfacile
557 3538 607 3598 est
639 3532 775 3597 alteram
808 3531 1026 3597 narrationem
1060 3551 1132 3597 cum
1165 3532 1269 3596 altera

21 3622 34 3630 ''
52 3617 69 3676 >⁵
112 3634 319 3717 coniungere:
344 3635 467 3718 cogites
483 3635 518 3699 in
530 3635 691 3701 communi
706 3634 795 3700 ionte
811 3632 854 3699 ad
866 3633 1006 3699 Vitruvii
1021 3633 1122 3698 verba
1138 3634 1180 3716 (p.
1194 3634 1267 3718 283,

18 3815 25 3832 Γ
50 3795 53 3809 ,
114 3736 206 3815 3-9)
229 3737 396 3822 applicata
417 3735 517 3804 fuisso
540 3756 623 3821 quae
647 3735 735 3820 apud
756 3735 960 3801 Athenaeum
976 3755 1007 3820 p.
1024 3737 1077 3819 27,
1096 3737 1232 3816 11-28‚
1250 3737 1268 3798 5

24 3823 25 3838 ¹
50 3822 53 3833 ¹
113 3837 263 3921 legimus:
293 3841 449 3926 optimum
476 3838 612 3905 habebis
635 3857 809 3922 conexum;
838 3855 878 3903 ae
899 3837 941 3903 de
963 3837 1114 3903 incendio
1137 3836 1269 3921 quidem

51 3979 63 4010 0
113 3947 245 4026 uterque
276 3941 390 4024 tradit,
420 3943 586 4008 Vitruvius
608 3940 758 4006 nimirum
780 3939 889 4006 verbis
912 3936 956 4022 (v.
975 3943 1006 4016 8)
1026 3933 1085 4005 ‘ibi
1109 3938 1269 4004 malleolis

114 4032 1270 4127 confixaeincendiosuntconflagratae',Athenaeustp.28,2)‘dnotqoav

39 4134 54 4237 ἐξ
114 4141 190 4221 τοὺς
213 4142 404 4230 ἀναβάντας
427 4137 483 4210 ἐπ’
511 4137 615 4222 αὐτὸς
637 4139 704 4210 ὑπὸ
729 4145 788 4209 τοῦ
811 4138 919 4228 πυρὸς
943 4133 1170 4207 &antestari
