3170 4984
308 379 369 438 298
743 378 945 435 Maximilianus
963 377 1044 434 Tbiel

307 555 429 638 quippe
460 573 543 636 quae
573 553 672 620 etiam
695 572 735 619 ea
760 551 845 620 falsa
865 557 1127 636 repraesentent,
1151 570 1234 633 quae
1257 552 1366 620 verbis
1387 554 1468 620 satis

309 656 406 723 claris
422 662 496 722 sunt
518 674 683 739 expressa.
697 658 718 730 ¹)
762 655 811 722 Ao
832 674 864 738 p.
882 657 923 718 30
946 653 991 720 ad
1012 653 1150 720 eandem
1172 673 1240 720 rem
1263 653 1348 720 duae
1371 656 1470 739 plane

307 757 459 825 diversae
473 756 613 824 diversis
628 757 720 824 libris
736 757 931 841 praebentur
945 758 1078 839 figurae,
1102 774 1237 850 quarum
1251 774 1293 822 ne
1315 755 1471 824 alterutra

307 859 438 943 quidem
467 879 598 942 prorsus
627 857 803 943 respondet
830 859 948 926 verbis.
994 856 1077 941 Sed,
1104 863 1139 922 ut
1160 856 1244 924 hanc
1266 865 1469 942 argumenta-

307 963 427 1029 tionem
449 959 628 1041 mittamus,
658 981 734 1026 num
757 961 827 1027 veri
849 961 957 1027 simile
980 964 1030 1026 est
1051 959 1242 1044 scriptorem
1263 961 1469 1045 figuramin·

307 1062 426 1130 ducere
454 1063 563 1129 verbis
587 1056 725 1148 ‘perimes
757 1063 835 1146 γοῦν
863 1058 924 1147 τὴν
951 1057 1158 1146 κατασκευὴν
1188 1053 1291 1127 αὐτοῦ
1320 1052 1470 1138 ou‘r'corc’?

306 1163 439 1231 Minime
455 1184 528 1232 meo
551 1163 683 1247 quidem
706 1163 838 1246 iudicio,
862 1163 921 1231 sed
944 1163 1127 1248 scripsisset
1148 1163 1217 1230 fere
1235 1158 1410 1229 ‘auctiore
1432 1162 1470 1228 db

307 1267 416 1350 σχῆμα
433 1257 534 1330 αὐτοῦ
548 1256 648 1330 τάδε’.
678 1264 758 1332 Cum
774 1266 883 1332 verbis
898 1271 1007 1332 autem
1020 1259 1157 1353 ‘ppetuu
1171 1263 1232 1353 τὴν
1247 1258 1466 1350 καταοκευήώ

308 1387 486 1452 componas
502 1368 601 1433 velim
617 1386 702 1450 quae
717 1368 867 1450 leguntur
882 1387 913 1452 p.
930 1361 1153 1452 15,1ο“ἡμεῑς
1169 1359 1200 1432 δ’
1221 1364 1470 1452 ἐγράψαμεν

303 1467 449 1556 χελώνης
462 1467 648 1553 χωοτρίόος
662 1461 949 1556 καταοκεοήν’,
974 1471 1090 1553 quibus
1112 1489 1177 1537 non
1200 1469 1345 1538 succedit
1365 1468 1472 1554 figura

311 1572 370 1640 sed
393 1572 578 1656 descriptio.
588 1573 613 1646 ²)
1141 1565 1143 1568 ’

392 1674 495 1740 Plane
510 1674 618 1758 igitur,
641 1679 677 1739 ut
693 1671 825 1739 tandem
847 1692 896 1754 co,
921 1671 1008 1739 unde
1031 1672 1186 1756 degressa
1209 1679 1259 1741 est
1281 1673 1470 1756 disputatio,
1574 1749 1575 1764 η

305 1781 521 1858 revertamur,
556 1774 644 1858 quod
678 1773 783 1858 figura
809 1774 982 1841 videbatur
1010 1774 1194 1860 praebitum
1222 1775 1470 1858 deverticulum,

306 1877 514 1944 interclusum
538 1895 610 1944 esse
632 1877 770 1943 arbitror
793 1882 826 1942 et
852 1875 1094 1944 concedendum
1116 1882 1190 1960 post
1211 1877 1313 1944 verba
1331 1871 1472 1962 κγράφοι

308 2027 315 2042 .
333 2027 342 2044 .
359 2027 368 2042 .
386 1967 506 2052 οὕτως’
525 1978 673 2044 lacunam
690 1997 762 2044 esse
778 1977 992 2044 statuendam.
1023 1978 1109 2045 Nam
1124 1979 1317 2061 particulam
1329 1971 1465 2056 ‘orirer'

307 2080 353 2146 ita
389 2078 608 2164 interpretari,
645 2085 680 2145 ut
711 2081 905 2147 sententiam
939 2078 1095 2146 exhibeat
1126 2078 1210 2147 hanc
1228 2074 1367 2148 ‘Diades
1401 2089 1470 2149 ute·

310 2181 405 2247 batur
421 2181 518 2247 etium
540 2182 643 2248 ariete
666 2182 841 2266 subrotato,
865 2187 976 2266 utpote
998 2201 1095 2265 quem
1117 2182 1164 2247 ita
1186 2181 1350 2250 describat
1364 2185 1471 2267 (quasi

308 2301 347 2350 eo
376 2302 453 2350 usus
482 2276 550 2361 sit)'
584 2281 804 2366 artificiosius,
840 2304 914 2350 earn
942 2291 1068 2352 mutare
1097 2285 1152 2350 vel
1175 2283 1285 2352 delere
1313 2285 1470 2353 audacius

306 2383 444 2451 videtur.
476 2385 524 2452 Ac
539 2385 595 2468 qui
612 2383 747 2468 dignum
763 2385 963 2452 existimavit
979 2386 1142 2453 mentione
1158 2385 1298 2454 Diadem
1321 2388 1379 2454 illa
1403 2410 1470 2455 ma·
1574 2453 1575 2478 ,

307 2485 403 2553 chine
424 2505 519 2554 usum
541 2504 624 2570 esse,
648 2507 705 2554 cur
725 2506 791 2554 non
814 2487 883 2554 eius
907 2486 1158 2572 descriptionem
1180 2489 1340 2556 tradidit?

392 2587 529 2655 Accedit
558 2607 636 2656 vero
666 2589 756 2656 aliud
785 2587 864 2672 quid
893 2589 982 2672 miri,
1012 2589 1100 2672 quod
1135 2591 1193 2658 illa
1220 2592 1337 2658 lacuna
1359 2595 1472 2676 agnita
1574 2655 1575 2676 ,

307 2688 450 2774 quodam
472 2689 570 2757 modo
593 2691 726 2758 tollitur.
757 2691 873 2758 Tradit
887 2690 1075 2758 Athenaeus
1097 2697 1141 2778 (p.
1161 2696 1210 2776 10,
1229 2698 1268 2759 10
1284 2700 1368 2778 sqq.)
1391 2696 1470 2762 Dia·

307 2793 382 2858 dem
393 2811 429 2859 se
441 2792 604 2860 invenisse
615 2793 798 2877 professum
810 2813 882 2860 esee
892 2794 1032 2878 primum
1040 2791 1119 2870 τοὺς
1131 2792 1300 2882 φορητούς
1310 2793 1470 2880 πύργους,

306 2892 425 2962 deinde
452 2890 490 2958 τὸ
521 2891 709 2980 τρύπανον,
739 2900 807 2962 tum
836 2891 896 2960 τὸν
918 2893 1059 2980 κόρακα,
1089 2903 1157 2963 tum
1179 2894 1240 2982 τὴν
1263 2895 1470 2984 ἐπιβάθραν.

307 2994 430 3088 Quibus
460 2995 503 3062 dc
531 2996 689 3065 machinis
718 2996 796 3063 inde
825 3018 856 3064 a.
877 3018 909 3082 p.
935 3003 985 3083 11,
1009 3003 1125 3084 4-15‚
1153 3005 1188 3064 11
1214 2999 1331 3068 eodem
1355 3002 1470 3070 ordine

306 3098 421 3182 agitur.
453 3097 521 3164 Sed
536 3099 620 3165 inter
641 3099 779 3182 primam
803 3105 834 3166 et
855 3102 992 3167 alteram
1015 3101 1206 3186 interposita
1228 3110 1277 3170 est
1299 3104 1470 3172 testudinis

306 3199 481 3266 arietariae
497 3199 672 3286 descriptio
688 3201 731 3285 (p.
751 3205 800 3286 12,
820 3205 956 3285 12-14,
973 3204 1005 3282 3)
1027 3223 1066 3270 ac
1089 3205 1136 3271 sic
1158 3204 1300 3288 quidem,
1323 3212 1360 3272 ut
1381 3209 1470 3274 nullo

395 3436 420 3500 l)
438 3431 473 3487 ci.
494 3433 576 3488 etiam
595 3449 665 3504 quae
683 3449 767 3504 supra
783 3451 811 3505 p.
832 3437 882 3490 289
900 3436 1023 3505 exposui.

394 3521 421 3584 2)
439 3517 524 3572 Tituli
541 3517 655 3586 singulis
673 3521 805 3576 machinis
823 3521 973 3592 praepositi
990 3523 1028 3591 (p.
1049 3525 1089 3588 12,
1110 3527 1141 3577 12
1159 3525 1226 3596 περὶ
1242 3519 1376 3596 χελώνης.
1397 3532 1438 3595 11,
1455 3533 1471 3582 4

307 3621 336 3659 π.
350 3599 504 3672 τρυπάνου.
525 3607 593 3659 15.5
611 3601 712 3679 κόραξ.
734 3609 799 3672 15,6
817 3603 975 3679 ἐπιβάθρα.
995 3610 1036 3671 15,
1050 3610 1080 3661 12
1091 3602 1249 3680 χελώνης
1264 3613 1471 3683 χωστρίδας

306 3685 518 3760 κατασκευή.
539 3693 580 3754 19,
591 3693 606 3742 3
617 3710 648 3747 π.
662 3683 832 3764 ὀρυκτρίδος
841 3686 976 3764 χελώνης.
996 3694 1055 3756 211,
1067 3697 1079 3746 1
1090 3686 1247 3766 Ἡγήτορος
1262 3691 1383 3768 χελώνη.
1402 3701 1444 3763 21,
1457 3703 1468 3752 1

305 3769 508 3845 κατασκευὴ
529 3770 743 3844 ἑλεπόλεως)
755 3777 778 3832 si
790 3775 843 3844 ipsi
855 3777 962 3830 auctori
980 3775 1152 3846 deberentur,
1170 3777 1233 3833 inde
1251 3795 1358 3850 qnoque
1375 3782 1470 3838 liceret

310 3857 475 3913 concludere
495 3875 522 3928 p.
543 3864 583 3924 11,
603 3865 618 3913 2
636 3859 747 3916 titulum
760 3854 856 3932 ‘xptos
872 3852 1050 3932 κατασκεοή’
1067 3861 1228 3932 inscriptum
1245 3863 1332 3919 fuisse
1349 3864 1469 3936 descrip-

307 3943 384 3997 tioni.
420 3942 474 3998 Sed
496 3945 558 3998 luce
577 3943 678 4000 clarius
696 3949 739 3999 est
756 3959 804 4000 eos
822 3961 839 4000 a
854 3945 972 4003 librariis
993 3945 1122 4015 originem
1141 3947 1251 4004 damase
1268 3955 1296 4003 et
1313 3951 1469 4019 oportuisse

308 4027 490 4084 Wesclrerum
501 4043 556 4084 non
575 4029 664 4085 solum
681 4043 728 4085 eos
748 4030 826 4086 uncis
844 4031 982 4086 includere
1000 4033 1037 4101 (p.
1050 4034 1091 4086 21.
1112 4033 1162 4098 21),
1181 4033 1227 4100 qui
1245 4033 1311 4090 solis
1329 4034 1469 4091 deteriori·

308 4114 359 4168 bus
379 4112 457 4168 libris
469 4111 563 4168 traditi
582 4119 654 4179 sunt,
673 4113 820 4171 sedetiam
838 4116 884 4186 qui
902 4115 1020 4186 optimis.
