3170 4984
300 393 362 451 304
733 391 935 447 Maximilianus
953 389 1033 447 'l'hiel

299 568 348 634 Ac
381 565 509 633 redolet
542 565 748 650 interpolatio
778 563 914 632 eandem
943 565 1162 648 ieiunitatem,
1188 584 1253 648 qua
1274 561 1462 631 Athenaeus

300 668 474 737 introducit
488 687 563 735 suas
578 668 680 750 ipsius
703 665 870 734 machinas
891 672 935 752 (p.
953 669 990 731 31
1010 671 1104 743 extr.)
1123 657 1176 731 ‘oi
1199 662 1262 750 γὰρ
1284 662 1389 747 μόνον
1413 664 1464 730 δεῖ
1566 727 1567 742 ,

299 768 341 836 τὰ
368 769 478 846 καλῶς
500 763 682 853 εὑρεθέντα
704 759 766 854 ὑφ’
793 765 913 852 ἑτέρων
938 765 1073 848 εἰδέναι,
1097 759 1176 832 dtl'
1204 764 1347 852 ἐπείπερ
1371 763 1462 833 ἐστὶν

300 863 470 959 εὐκινησία
494 869 574 952 περὶ
596 867 656 956 τὴν
678 867 791 955 ψυχὴν
813 870 870 935 καὶ
893 866 995 935 αὐτὸν
1018 863 1182 953 εὑρίσκειν
1206 860 1285 934 dei’.

385 976 519 1057 lamque
552 973 692 1040 feliciter
720 972 855 1058 accidit,
889 979 925 1038 ut
953 993 1025 1040 cum
1059 973 1195 1040 Dielesii
1230 973 1272 1039 de
1299 971 1462 1040 Athenaei
1567 1023 1568 1038 .

299 1082 406 1144 aetate
436 1075 556 1143 iudicio
585 1076 758 1142 conveniat
787 1076 989 1158 coniectura,
1020 1094 1116 1158 quam
1146 1095 1167 1142 a
1197 1074 1390 1142 casaubono
1418 1076 1461 1154 (in

300 1179 385 1244 notis
414 1177 457 1244 ad
485 1177 628 1244 Trebell.
657 1176 739 1243 Poll.
770 1176 922 1254 Gallien.)
951 1177 1056 1261 primo
1090 1178 1250 1263 prolatam
1279 1175 1461 1244 Rochasius

299 1281 388 1346 inani
403 1285 593 1363 argumento
607 1279 735 1346 reiecit:
759 1277 840 1345 (lum
857 1280 943 1344 enim
958 1280 992 1344 in
1007 1279 1164 1345 Trebellii
1178 1279 1337 1346 Pollionis
1359 1279 1461 1363 impc-

299 1381 415 1448 ratoris
438 1381 579 1447 Gallieni
607 1381 676 1447 vita
696 1379 884 1447 Athenaeus
911 1380 1044 1465 quidam
1068 1382 1244 1465 Byzantius
1267 1400 1461 1450 commemo-

298 1491 401 1568 retur,
433 1484 488 1568 qui
515 1476 662 1549 ‘urbibus
688 1482 872 1550 muniendis
900 1482 1086 1567 praeficitur
1115 1486 1177 1568 (13,
1195 1474 1241 1562 6)’
1268 1473 1461 1567 quominus

299 1586 385 1653 huno
406 1593 571 1654 auctorem
597 1603 669 1652 esse
692 1584 796 1652 libelli
815 1578 910 1670 ‘arpi
932 1576 1191 1671 ppxcrppdrwv’
1216 1591 1318 1669 putet,
1341 1605 1382 1652 eo
1404 1586 1461 1650 im·

298 1688 405 1771 pediri
420 1689 476 1755 ille
492 1686 624 1772 quidem
640 1687 702 1753 sibi
725 1687 863 1770 ridetur,
888 1686 985 1772 quod,
1008 1706 1081 1754 cum
1104 1685 1292 1754 Athenaeus
1314 1687 1460 1755 libellum

299 1789 503 1857 dedicaverit
517 1789 673 1856 Marcello
689 1788 828 1872 cuidam,
851 1807 947 1855 nemo
962 1789 1050 1855 illins
1065 1789 1183 1856 aetatis
1206 1790 1254 1856 sio
1276 1790 1460 1873 appellatus

300 1899 395 1959 notus
424 1893 475 1958 sit.
520 1890 616 1970 Quod
644 1911 705 1975 ego
735 1890 866 1974 quidem
890 1911 954 1957 non
976 1891 1081 1974 magis
1104 1891 1188 1958 duco
1211 1891 1340 1958 obstare
1363 1911 1459 1975 quam

299 1993 386 2078 quod
415 1995 510 2062 tertio
537 2013 603 2059 non
632 1999 668 2059 nt
696 1993 802 2060 voluit
822 1993 986 2060 Dielesius
1008 1993 1111 2060 altero
1133 2014 1166 2077 p.
1183 1992 1258 2060 (ihr.
1274 2016 1305 2061 n.
1330 1995 1460 2062 saeculo

297 2093 485 2162 Athenaeus
507 2096 609 2162 inisse
631 2095 724 2161 nobis
746 2093 909 2178 putandus
933 2100 997 2178 est,
1024 2096 1052 2162 si
1082 2097 1162 2162 euml
1185 2094 1328 2163 Gallieni
1356 2095 1460 2164 arehi-

298 2201 417 2263 tectum
432 2197 533 2264 fuisse
550 2198 727 2280 opinamur.
758 2196 868 2263 Habet
882 2197 981 2281 igitur
996 2197 1181 2264 coniectura
1203 2199 1261 2265 illa
1276 2199 1460 2267 casauboni
1571 2193 1572 2210 ¹

298 2299 425 2383 aliquid
455 2298 684 2384 blandimenti,
720 2317 916 2382 quamquam
950 2301 1138 2367 certissimis
1172 2302 1371 2384 argumentis
1405 2300 1458 2368 de·

300 2401 472 2467 monstrari
494 2420 559 2468 non
582 2409 697 2485 potest.

385 2503 499 2571 Liceat
525 2524 611 2570 nune
637 2522 743 2588 pauca
770 2503 892 2570 addere
925 2501 965 2569 de
989 2501 1149 2570 Athenaei
1172 2503 1276 2571 libelli
1299 2509 1461 2572 contextu.

298 2605 347 2672 Ao
376 2607 506 2688 saepius
540 2605 679 2690 offendi,
708 2605 821 2689 paucis
850 2611 975 2671 tantum
997 2604 1078 2671 locis
1101 2606 1268 2690 scrupulos
1289 2627 1342 2674 me
1364 2626 1461 2691 posse

298 2707 413 2773 tollere
425 2708 505 2791 vidi,
517 2709 709 2792 praesertim
721 2727 793 2773 cum
804 2705 979 2774 nonnullae
994 2707 1197 2790 corruptelae
1212 2709 1276 2775 sint
1291 2709 1460 2791 eiusmodi,

299 2815 335 2874 ut
349 2828 390 2875 ne
406 2811 565 2876 sententia
581 2808 723 2893 quidem,
740 2827 837 2892 quam
852 2809 980 2890 integra
994 2808 1203 2890 praebuerint
1224 2811 1335 2894 rerba,
1358 2812 1461 2896 possit

299 2909 449 2976 divinari.
494 2911 659 2977 Proferam
688 2911 786 2994 igitur
813 2929 869 2976 eas
891 2909 978 2975 solas
1002 2909 1202 2978 coniecturas
1225 2930 1306 2995 quas
1328 2913 1460 2980 maioris

299 3011 537 3095 probabilitatis
560 3031 632 3079 esse
654 3013 800 3079 arbitror.

383 3135 415 3198 p.
447 3119 476 3196 5,
506 3117 545 3178 12
585 3116 661 3181 libri
696 3134 772 3182 mss.
808 3112 964 3180 exhibent
996 3111 1159 3198 Διηνέχου
1192 3117 1258 3190 (vel
1289 3117 1460 3196 Διενέχου)

299 3216 504 3299 cenomania
516 3217 583 3292 (vel
599 3217 805 3301 περσικῶν),·
817 3233 901 3300 quae
912 3215 1003 3298 prius
1019 3215 1167 3282 solebant
1182 3217 1300 3300 corrigi
1315 3217 1349 3282 in
1361 3210 1460 3301 ‘Apu
1533 3239 1537 3254 ’

297 3315 406 3400 μάχου
421 3309 700 3404 πολιορκητικῶν’
720 3318 772 3395 (of.
789 3318 938 3401 Droysen
961 3317 982 3381 l.
1005 3317 1026 3382 l.
1043 3337 1075 3402 p.
1092 3321 1154 3381 212
1170 3339 1200 3383 n.
1218 3321 1259 3396 2).
1293 3317 1459 3403 Stephano

298 3421 456 3505 Byzantio
485 3427 689 3504 comparato,
714 3420 769 3504 qui
797 3440 821 3486 s.
844 3438 875 3484 v.
894 3410 1151 3500 ‘Accedebant’
1182 3420 1262 3487 dicit
1287 3411 1346 3496 “dig
1375 3441 1460 3507 φησι

297 3523 474 3604 Δαΐμαχος
490 3519 524 3587 ἓν
546 3521 804 3608 reoccupare
825 3512 1099 3606 ὑπομνήμασιν’,·
1120 3520 1314 3589 Weseherns
1336 3524 1460 3590 mavult

295 3616 487 3711 (Δηιμάχου
503 3615 692 3707 necesarii,
713 3623 803 3690 nisus
819 3623 987 3692 Strabonis
1010 3625 1093 3708 loco,
1117 3624 1172 3708 qni
1195 3628 1302 3689 exstat
1322 3645 1354 3708 p.
1368 3627 1409 3688 76
1425 3624 1458 3691 C.

298 3727 364 3794 Sed
391 3727 489 3810 libro,
513 3746 577 3810 quo
601 3725 642 3792 de
664 3723 823 3791 machinis
846 3727 1090 3810 oppugnatoriis
1112 3726 1229 3809 agitur,
1252 3725 1334 3791 illud
1355 3727 1459 3810 magis

298 3830 471 3896 convenire
494 3828 631 3895 videtur.

352 3969 355 3976 .
383 3931 486 3998 Paulo
501 3936 576 4013 post
590 3930 692 3996 verba
704 3923 785 3993 ‘roda
802 3921 850 3993 δι’
869 3921 971 3995 αὐτοῦ
988 3922 1293 4016 ἀκολουθησάντων
1301 3922 1456 4007 Ἀλεξάν-

299 4023 381 4117 ὁρῳ’
401 4051 482 4100 sana
496 4032 656 4099 sententia
671 4037 797 4114 carent3
820 4051 926 4116 noque
942 4039 1050 4117 potest
1064 4033 1215 4115 dubitari,
1239 4051 1311 4099 cum
1326 4052 1357 4116 p.
1373 4035 1422 4116 10,
1439 4035 1457 4097 9

297 4140 444 4202 narretur
473 4133 614 4200 Diadem
644 4140 677 4200 ct
698 4131 850 4201 Ghariam
879 4154 944 4200 una
972 4154 1043 4202 cnm
1065 4133 1254 4202 Alexandro
1282 4134 1458 4200 inbellem
