3170 4984
320 409 385 468 246
801 409 865 464 Otto
883 409 1011 465 Booksclr

317 579 408 670 quod
429 580 553 650 Valerii
583 586 616 648 et
636 581 764 648 Horatii
794 583 996 650 consulatum
1018 581 1169 664 inseruit,
1199 579 1343 664 effugere
1371 585 1486 665 aperte

318 684 451 768 studuit,
474 701 657 751 remanere:
680 690 790 750 tantae
805 685 891 750 enim
907 685 1050 752 incuriae
1065 683 1179 750 Livius
1202 682 1282 748 milui
1296 681 1485 766 arguendus

316 795 384 871 est,
412 793 447 852 ut
467 804 509 852 nc
532 785 627 850 trium
651 785 783 869 quidem
806 788 1029 854 consulatuum
1051 804 1219 852 numerum
1242 791 1332 851 reete
1352 804 1483 869 compu-

315 890 402 958 tarit.
447 887 515 955 Sed
536 887 632 953 Livio
655 887 736 973 ipsi,
767 906 865 971 quem
888 889 1019 973 saepius
1041 888 1142 954 uariis
1171 887 1336 953 memoriis
1358 891 1485 970 pertur-

317 993 428 1058 batum
443 987 477 1055 in
489 1007 629 1055 errorem
644 989 800 1056 incidisse
810 991 939 1072 scimus,
956 988 1020 1055 hoc
1031 989 1158 1054 crimini
1170 989 1249 1055 dare
1260 989 1373 1054 malim
1385 1007 1484 1072 quam

319 1093 363 1160 ad
385 1097 598 1159 correctorem
621 1091 764 1174 aliquem
787 1093 933 1177 ignotum
955 1093 1139 1174 confugere.

327 1231 332 1251 ¹=
403 1209 470 1279 Sed
502 1213 656 1295 quoniam
689 1230 761 1295 pro
790 1210 960 1279 Valerio
989 1209 1192 1277 Herminii
1225 1209 1485 1276 consulatum

316 1312 619 1381 restituendum
643 1310 873 1397 demonstravi,
896 1319 1006 1398 restat,
1028 1320 1065 1381 ut
1086 1331 1160 1395 pro
1175 1309 1483 1378 LucretioLar-

316 1415 420 1484 oium
450 1413 739 1496 corrigendum
767 1431 858 1482 esse
885 1415 1031 1500 probem.
1076 1415 1214 1480 Exstant
1242 1414 1329 1479 enim
1354 1419 1487 1497 praeter

315 1515 509 1583 Mommseni
524 1521 748 1598 argumentum
764 1535 807 1582 ex
820 1513 1006 1584 Cassiodori
1021 1515 1182 1583 chronicis
1197 1516 1371 1600 repetitum
1387 1515 1486 1581 etiam

316 1619 393 1685 alia
444 1617 529 1683 Nam
558 1633 655 1700 quem
682 1615 847 1685 Gilbertus
875 1624 985 1686 tenero
1016 1619 1100 1701 uult,
1126 1616 1183 1702 Sp.
1206 1617 1392 1683 Lucretium
1400 1615 1424 1696 ¹)
1455 1617 1486 1682 ei

316 1719 505 1806 scriptores,
537 1719 593 1802 qui
615 1719 699 1784 inter
719 1720 817 1802 primi
846 1721 923 1786 anni
953 1719 1101 1788 consules
1130 1737 1204 1786 eum
1237 1719 1453 1785 numerabant
1462 1720 1488 1796 2)

317 1819 428 1900 (ceteri
450 1825 559 1886 autem
581 1827 695 1905 aperte
712 1840 785 1886 eum
803 1823 994 1906 magistratu
1017 1823 1084 1889 ullo
1106 1820 1250 1889 functum
1266 1839 1338 1888 esse
1353 1821 1486 1886 omnino

317 1923 530 2006 ignorabant),
548 1922 614 1987 iam
629 1941 659 1987 a.
676 1925 815 2003 245l509
830 1931 990 1991 mortuum
1005 1943 1077 1991 esso
1092 1923 1302 1990 tradiderant
1336 1921 1485 2005 Accedit,

317 2023 405 2108 quod
434 2023 567 2090 Larcius
597 2029 631 2090 et
652 2024 855 2112 Herminius,
885 2027 1007 2112 quippe
1036 2027 1092 2110 qui
1119 2026 1231 2092 fabula
1259 2024 1423 2092 coniuncti
1453 2025 1487 2089 in

316 2131 415 2210 ponte
438 2125 576 2192 sublicio
599 2125 729 2192 Horatii
744 2125 879 2194 (loclitis
900 2130 980 2195 socii
1003 2127 1205 2195 incredibilis
1227 2127 1415 2194 certaminis
1438 2128 1487 2193 in·

320 2228 487 2310 ducantur,
510 2247 551 2294 ne
573 2229 608 2294 in
630 2229 722 2295 lastis
745 2228 877 2312 quidem
895 2229 1086 2296 secernendi
1107 2235 1190 2296 sunt
1228 2230 1376 2314 Apparet
1398 2229 1487 2295 enim

317 2329 519 2397 consulatum
549 2330 596 2397 eis
627 2331 721 2414 quasi
748 2332 930 2414 praemium
959 2332 1047 2397 illius
1068 2331 1230 2416 praeclari
1258 2328 1413 2396 facinoris
1444 2331 1486 2396 ab

317 2431 482 2498 annalium
504 2432 718 2516 scriptoribus
739 2432 894 2499 donatum
917 2451 999 2518 esse,
1022 2435 1106 2501 sicut
1120 2434 1289 2502 Lucretius
1311 2438 1489 2516 propterea

316 2534 431 2702 15)ξὲευί
454 2533 559 2600 iaetus
582 2541 641 2617 est,
665 2533 743 2617 quia
766 2535 835 2600 eius
858 2553 988 2618 quoque
1010 2555 1111 2620 opera
1132 2555 1227 2620 reges
1250 2535 1381 2618 expulsi
1402 2536 1488 2601 fere-

328 2639 330 2650 '
383 2637 474 2712 turn)

404 2821 524 2888 Verum
541 2822 626 2888 enim
640 2841 719 2889 vcro
734 2821 832 2888 livio
845 2821 977 2888 undem
992 2823 1106 2888 relicto
1115 2822 1158 2889 ad
1173 2843 1242 2888 rem
1253 2823 1359 2906 ipsam
1371 2821 1489 2889 redea-
1573 2907 1574 2912 ἵ

319 2943 399 2992 nrua
445 2924 618 3006 Reliquum
641 2925 726 2990 enim
757 2931 821 3004 est,
850 2930 887 2990 ut
913 2945 980 2992 uno
1001 2931 1177 3007 conspectu
1198 2943 1397 3008 proponam,
1422 2944 1490 3009 qna
1573 2939 1574 2998 ζ

319 3027 445 3092 ratione
467 3026 586 3109 quibus
607 3026 649 3092 ab
672 3027 773 3093 initiis
796 3045 877 3110 quos
900 3045 960 3110 per
988 3025 1109 3110 padus
1132 3025 1211 3091 belli
1233 3025 1362 3092 Etrusci
1384 3025 1489 3094 fastos
1573 3035 1574 3124 ζ

319 3129 362 3194 ab
376 3128 542 3194 annalium
559 3127 771 3211 scriptoribus
786 3135 925 3195 mutatos
944 3147 1015 3195 esse
1038 3133 1158 3212 putem.
1196 3126 1367 3194 Assentior
1388 3129 1491 3212 igitur
1573 3173 1574 3176 =

320 3229 528 3316 Holaapielio
556 3231 590 3308 (l.
613 3230 634 3294 l.
656 3249 688 3313 p.
713 3231 770 3305 65)
791 3231 968 3314 suspicanti
991 3247 1032 3296 ca
1059 3249 1094 3296 re
1120 3229 1260 3313 primurn
1289 3227 1405 3296 horum
1433 3253 1491 3298 an-

319 3351 433 3398 norum
447 3332 548 3398 fastor
563 3331 769 3414 perturbatos
784 3351 867 3416 esse,
891 3331 977 3416 quod
993 3330 1158 3398 dedicatio
1178 3331 1293 3415 templi
1308 3330 1490 3416 Capitolini

407 3569 432 3630 ll
457 3563 518 3619 Hoc
545 3563 617 3618 enim
643 3579 809 3634 praenomen
834 3565 922 3634 magis
950 3563 1075 3620 codicum
1098 3563 1254 3620 testimonio
1279 3565 1490 3622 commendatur

319 3663 401 3718 quam
418 3649 517 3704 Publii.

408 3737 433 3801 2)
451 3734 522 3788 Nam
534 3735 629 3791 Liuius
647 3735 675 3788 11
693 3739 718 3802 8,
730 3741 745 3790 5
764 3735 839 3805 apud
851 3733 982 3805 quosdam
994 3747 1026 3788 se
1036 3747 1098 3788 eum
1110 3751 1165 3790 nou
1176 3733 1312 3791 invenisse
1329 3736 1488 3806 profitetur.

408 3821 434 3885 3)
453 3819 596 3875 Sententia
610 3834 685 3886 mee,
710 3835 765 3889 qua
786 3821 815 3874 in
833 3818 904 3875 Liuii
919 3817 998 3873 fastis
1016 3819 1203 3886 consulatum,
1226 3835 1307 3888 quem
1329 3837 1405 3876 nunc
1425 3837 1489 3877 cum

275 3967 276 3970 Ἴ
320 3903 400 3958 fastis
419 3903 580 3973 capitolinis
598 3903 709 3958 tertium
726 3919 870 3959 numerare
888 3904 1014 3968 solemus,
1033 3905 1068 3957 ab
1086 3903 1164 3958 initio
1182 3903 1301 3982 defuisse
1319 3907 1439 3975 conicio,
1458 3923 1489 3962 eo

322 3989 424 4058 optime
446 3989 595 4056 stabilitur,
620 3989 694 4058 quod
715 3988 809 4044 Livius
826 3987 868 4042 III
887 3993 936 4054 33,
956 3994 968 4043 1
992 3990 1128 4044 fastorum
1146 3987 1361 4058 capitolinorurn
1385 4006 1491 4046 annum

323 4079 372 4129 303
387 4077 459 4142 (lbi)
476 4073 546 4129 uicit
560 4077 611 4128 302
629 4089 655 4128 a.
669 4087 697 4129 u.
710 4089 734 4130 c.
752 4071 853 4141 luteam
872 4087 954 4142 quam
970 4088 1028 4128 runr
1046 4073 1129 4128 aiam
1145 4072 1334 4144 Holnapldiua
1352 4077 1490 4143 adhibuit,

321 4164 352 4212 ut
369 4174 447 4214 suam
465 4159 628 4214 sententiam
646 4156 855 4213 commendaret.
