3198 4974
448 391 490 445 De
508 391 632 446 codicum
649 390 848 446 Isocratecrum
865 391 1036 448 auctoritate.
1260 391 1321 451 133

159 563 383 646 obtemperent
405 566 435 643 (ξ
453 566 516 648 50),
539 584 636 647 quam
658 563 776 649 cupide
798 565 920 632 bellum
942 569 1098 649 appetant
1121 567 1151 642 (ξ
1168 567 1232 648 51),
1255 585 1320 648 qua

157 665 340 732 temeritate
363 664 553 750 deliberent,
583 666 663 749 quid
690 665 852 750 agendum
875 668 917 733 sit
938 668 968 744 (ξ
984 669 1047 742 52).
1093 667 1322 736 Vehementius

158 773 227 832 turn
249 767 283 832 in
306 786 362 834 eos
385 766 557 851 invehitur,
581 769 636 851 qui
659 788 833 851 pravorum
856 769 1062 835 consiliorum
1081 771 1266 837 auctoribus
1281 771 1323 836 ab

159 869 309 936 omnibus
331 869 524 952 contemptis
545 874 683 936 utantur.
728 869 938 953 Paragraphc
963 871 1003 932 53
1026 871 1126 936 missa
1147 871 1323 938 Isocratem

158 969 278 1036 deinde
301 971 486 1053 praesentia
508 989 580 1036 eum
609 972 792 1054 praeteritis
821 972 1039 1048 conferentem
1060 971 1221 1056 audimus,
1250 993 1323 1042 cum

158 1070 376 1138 Athenienses
391 1072 546 1155 increpet,
563 1074 618 1156 qni
634 1074 796 1140 contraria
809 1074 932 1140 faciant
945 1080 1042 1157 atque
1057 1075 1213 1158 maiores;
1235 1076 1324 1158 quod

159 1175 281 1257 optime
304 1193 377 1240 cum
399 1173 667 1240 antecedentibus
697 1175 848 1258 iungitur,
878 1175 905 1239 si
927 1177 1003 1251 §53
1033 1174 1187 1243 delemus.
1232 1175 1324 1244 Haec

160 1277 246 1342 enim
269 1273 492 1360 paragraphus
515 1277 756 1359 comparatione
777 1295 892 1360 parum
914 1276 1085 1360 ingeniosa
1113 1278 1226 1343 addita
1255 1279 1322 1344 lan-

159 1377 258 1460 guide
282 1377 398 1443 eadem
420 1379 549 1462 repetit,
572 1396 656 1460 quae
679 1383 823 1444 extrema
846 1381 921 1456 §52
945 1377 1137 1462 dictasunt,
1160 1398 1266 1462 neque
1281 1381 1324 1446 ad

158 1480 426 1562 compositionem
448 1480 619 1545 verborum
643 1480 741 1546 totius
764 1481 880 1563 eapitis
904 1480 1052 1571 quadrat,
1081 1499 1154 1546 cum
1177 1482 1210 1546 iu
1233 1488 1323 1548 ante·

158 1581 706 1664 cedentibussubsequentibusque
734 1581 948 1666 paragraphis
978 1581 1144 1665 quaelibet
1171 1583 1324 1666 periodus

157 1684 314 1750 concinne
336 1688 494 1766 concepta
516 1683 567 1764 sit,
598 1681 679 1748 haec
701 1691 809 1749 autem
831 1683 1056 1767 paragraphus
1085 1686 1127 1750 ab
1159 1691 1228 1751 arte
1256 1686 1322 1754 Iso·

157 1791 266 1855 crates
288 1785 385 1866 longe
400 1782 539 1852 differat.
578 1781 651 1862 Qua
666 1785 707 1850 de
730 1805 831 1852 eausa
851 1785 1092 1868 paragraphum
1108 1787 1148 1850 53
1171 1793 1207 1856 ut
1226 1788 1323 1854 inter·

157 1889 303 1970 polutum
336 1886 435 1970 eiei0;
473 1905 548 1952 uam
583 1895 729 1954 extrema
761 1887 960 1970 paragraphi
988 1890 1029 1952 52
1059 1889 1160 1954 verba
1192 1896 1325 1972 propter

158 1988 441 2055 homoeoteleuton
465 1986 765 2072 (καταφρονήσειεν
794 2024 836 2032 -
867 1987 1101 2071 ἐπιτρέψειεν)
1129 1989 1323 2058 intercidere

157 2098 339 2176 potuerunt.
393 2088 543 2156 Ceterum
566 2089 761 2173 Dionysium
783 2089 1024 2174 paragraphum
1047 2094 1087 2156 53
1110 2110 1175 2156 non
1204 2091 1323 2175 legisse

157 2193 235 2261 inde
258 2193 403 2276 colligas,
428 2191 516 2274 quod
538 2192 572 2256 in
595 2190 808 2258 exscribenda
831 2191 892 2258 hac
915 2193 1069 2260 orationis
1091 2200 1184 2276 parte
1200 2194 1233 2260 in
1248 2197 1266 2270 ξ
1283 2197 1324 2258 52

156 2293 399 2377 (ἐπιτρέψειεν)
432 2292 584 2377 substitit,
618 2295 767 2376 quamvis
800 2296 833 2358 in
868 2294 1033 2360 codicibus
1063 2294 1195 2376 quidem
1229 2315 1324 2371 „con-

158 2397 479 2464 tumeliosissimnm“
502 2395 583 2462 illud
606 2395 853 2478 opprobriorum
875 2415 993 2478 agmen
1015 2395 1155 2462 claudat.

245 2499 370 2578 Quibus
393 2518 466 2564 cum
488 2517 509 2563 a
531 2497 698 2564 codicibus
713 2498 885 2564 lsoorateis
899 2516 1005 2580 neque
1020 2497 1238 2582 paraphrases
1252 2497 1323 2566 rhe-

156 2605 277 2670 toricas
299 2619 405 2684 neque
427 2601 692 2684 interpolationes
721 2601 845 2666 alienas
875 2619 947 2665 esse
975 2601 1232 2683 probaverimus,
1263 2600 1324 2668 hae

157 2707 282 2772 ratione
315 2703 428 2770 habita
460 2704 567 2770 locum
608 2703 763 2768 erationis
792 2702 853 2768 XV
881 2701 1040 2779 §222124
1073 2702 1322 2772 consideremus.

158 2809 267 2891 Atque
291 2825 333 2872 ex
356 2803 417 2871 hac
439 2813 531 2889 parte
560 2804 737 2870 Isocratem
766 2805 945 2870 orationem
974 2804 1038 2880 „de
1065 2805 1323 2887 permutatione“

157 2909 386 2976 retractavisse
408 2907 485 2973 iude
508 2906 718 2988 concluditur,
748 2905 836 2988 quod
859 2913 966 2972 textus
988 2905 1112 2988 duplici
1134 2908 1323 2976 recensione

158 3017 306 3078 servatus
334 3015 393 3090 est,
409 2996 562 3092 ‘quarum
592 3014 727 3090 utraque
756 3007 799 3073 ad
828 3008 1004 3074 Isocratem
1037 3008 1143 3076 redire
1176 3015 1323 3092 potest.

159 3111 255 3191 Quod
279 3131 350 3178 cum
365 3108 574 3176 vehementer
596 3118 718 3193 pugnet
740 3129 811 3176 cnm
835 3109 987 3177 Isocratis
1002 3110 1245 3194 consuetudine,
1268 3113 1325 3194 qui

158 3215 321 3282 orationes
345 3231 408 3278 nou
430 3214 494 3278 nisi
516 3213 695 3295 perpolitus
711 3214 744 3278 in
759 3213 866 3278 lucem
882 3213 1032 3296 ediderit,
1055 3213 1159 3280 altera
1174 3233 1216 3278 ex
1231 3221 1324 3296 parte

156 3314 376 3401 paraphrases
399 3313 577 3380 rhetoricas
600 3313 634 3378 in
655 3314 808 3380 Isocratis
830 3315 992 3382 orationes
1016 3315 1124 3380 illatus
1154 3333 1226 3382 esse
1249 3333 1323 3382 oon-

157 3425 231 3501 stat,
265 3416 455 3500 quibuscum
489 3417 640 3497 vulgatas
673 3417 829 3484 lectiones
861 3416 1096 3499 antiquissimis
1124 3416 1323 3498 temporibus

157 3528 245 3587 ortas
267 3520 331 3586 iam
360 3519 393 3584 iu
421 3517 599 3600 archetypo
630 3518 778 3584 codicum
807 3518 987 3601 adscriptas
1016 3515 1116 3584 fuisse
1145 3516 1324 3584 docuimus.
1441 3546 1445 3554 ·

72 3687 76 3696 ,
156 3623 253 3688 Ratio
275 3628 394 3701 autem,
423 3627 457 3685 ut
479 3639 552 3685 eam
574 3621 767 3686 sententiam
798 3626 967 3700 sectemur,
997 3639 1063 3702 qua
1083 3619 1323 3704 discrepantiae

155 3724 285 3790 facilius
309 3723 511 3806 explicentur
532 3719 666 3804 flagitat.
715 3720 807 3798 Quae
836 3741 908 3788 cum
938 3723 985 3787 ita
1013 3741 1048 3788 se
1079 3719 1230 3802 habeant,
1259 3741 1324 3788 uon

156 3826 280 3907 dubito,
310 3827 388 3906 quin
418 3825 452 3890 in
480 3844 526 3890 or.
549 3823 611 3889 XV
641 3826 799 3902 §222t24
821 3842 960 3906 quoque,
990 3842 1054 3906 quo
1082 3823 1155 3890 looo
1183 3823 1325 3890 maxime

156 3929 302 3994 nituntur
324 3927 469 3994 Blassius
493 3933 525 3991 et
545 3925 764 4018 Albreehtius‚
786 3924 950 3992 rhetorica
970 3923 1180 4009 paraphrasis
1208 3943 1324 4008 agnos·

157 4029 263 4097 eenda
286 4029 338 4112 sit,
361 4047 425 4110 quo
449 4027 588 4112 duplicis
612 4029 793 4094 orationum
815 4028 1049 4094 Isocratearum
1064 4027 1262 4093 recensionis
1277 4028 1324 4092 fa·

155 4133 267 4198 bulam
288 4130 420 4197 taudem
444 4130 612 4196 sustulisse
634 4129 715 4194 mihi
737 4129 862 4196 videor.
