3198 4974
323 383 385 440 174
799 383 864 437 Otto
881 382 1009 438 Bockscb

321 557 481 642 insignem
503 555 654 624 describi.
692 554 852 620 Nimirum
874 556 972 635 idem,
994 575 1036 622 ne
1056 555 1195 622 dictator
1210 553 1345 638 dicatur,
1368 554 1489 622 deinde

320 679 342 725 a
364 665 488 742 senatu,
511 658 568 742 qui
583 658 653 724 eius
669 676 747 740 erga
768 657 899 741 plebem
920 659 1066 725 favorem
1082 657 1256 738 metuebat,
1279 655 1393 723 fraude
1408 676 1486 740 qua·
1589 687 1590 720 .

321 761 398 826 dam
427 759 611 845 impeditur.
650 759 750 825 Vides
773 759 938 825 annalium
967 759 1156 844 scriptorem
1187 759 1392 843 popularium
1414 779 1487 844 par·

320 862 405 928 tium·
423 861 530 930 studio
546 861 599 929 hic
620 861 654 927 in
668 861 834 944 angustias
849 861 943 944 quasi
965 860 1132 928 inductum
1147 879 1229 944 esse,
1252 879 1326 927 cunr
1339 879 1487 944 premere

319 964 421 1032 vellet
443 971 477 1031 et
497 963 662 1031 consulem
681 963 773 1031 civili
795 962 893 1029 laude
915 962 1098 1046 digniorem
1113 961 1275 1030 dictatura
1289 960 1488 1045 prohibitum

320 1073 353 1132 et
381 1067 533 1148 alterum,
562 1083 634 1132 cum
664 1063 804 1131 dictator
827 1064 931 1132 dictus
953 1069 1055 1148 esset,
1085 1071 1193 1132 tamen
1223 1065 1329 1147 ipsum
1357 1082 1486 1148 quoque

320 1187 444 1235 summa
464 1167 626 1234 modestia
639 1199 681 1210 —
703 1167 732 1232 si
754 1167 826 1250 quis
849 1187 921 1234 cum
944 1165 1038 1232 Sulla
1059 1164 1218 1234 conferret
1231 1199 1274 1211 -
1288 1185 1382 1233 nsum
1405 1185 1485 1233 esse.

404 1269 484 1336 Ideo
501 1269 654 1353 quoniam
675 1273 742 1334 tam
757 1273 846 1334 certa
860 1269 1001 1351 vestigio
1014 1268 1141 1352 aetatis,
1164 1285 1230 1352 qua
1243 1267 1300 1334 ille
1321 1268 1486 1334 annalium

320 1371 457 1456 scriptor
477 1369 583 1454 fuerit,
607 1369 789 1436 invenimus
804 1375 934 1454 tumque
956 1370 1128 1453 perspicue
1150 1369 1253 1454 ipsius
1275 1369 1419 1436 studium
1439 1375 1486 1435 at·

318 1492 383 1556 que
404 1473 486 1540 irem
509 1473 680 1555 cernimus,
703 1471 746 1538 de
767 1469 856 1539 fonte
879 1473 1029 1538 neniam
1052 1473 1173 1555 poterit
1194 1471 1345 1539 dubitari.

405 1573 472 1642 Sed
494 1575 575 1642 illud
591 1592 669 1640 sane
684 1572 792 1640 adhuc
807 1574 963 1640 incertum
987 1580 1046 1658 est,
1068 1593 1145 1640 num
1167 1574 1286 1656 omnia,
1309 1592 1394 1657 quae
1410 1575 1487 1640 Dio·
1589 1611 1590 1614 =

318 1677 431 1760 nysius
453 1677 512 1744 illa
536 1678 571 1742 in
592 1681 685 1762 parte
707 1677 934 1759 antiquitatum
957 1681 1082 1759 namet,
1104 1676 1230 1742 Licinio
1253 1675 1381 1743 debeat.
1427 1675 1488 1742 (ini

321 1779 501 1845 sententiae
515 1779 655 1862 primurn
670 1795 852 1861 repugnare
866 1777 997 1845 videtur
1010 1778 1100 1844 locus
1118 1777 1251 1860 quidam
1266 1779 1486 1861 orationis,

310 1899 435 1962 ¹quam
459 1881 671 1946 Valerium
700 1881 742 1944 in
771 1885 917 1946 senatu
945 1899 1018 1963 pro
1046 1879 1182 1964 plebis
1209 1897 1332 1944 causa
1361 1879 1488 1947 habu-

318 1979 402 2047 isse
417 1981 593 2065 Dionysius
616 1981 724 2048 tradit.
763 1982 842 2066 Oap.
866 1983 952 2047 enim
976 1983 1060 2064 64,2
1079 1981 1228 2047 Valerius
1251 1981 1358 2047 vereri
1380 2001 1417 2048 se
1439 1981 1487 2047 di·

320 2083 373 2164 cit,
395 2102 437 2150 ne
458 2083 569 2167 plebei
590 2103 667 2152 cere
689 2085 797 2150 alieno
819 2083 968 2167 oppressi
983 2082 1233 2166 Tarquiniorum
1255 2081 1487 2150 blandimentis

319 2183 443 2251 inducti
466 2205 558 2252 arma
580 2193 692 2253 contra
713 2186 867 2271 patricios
883 2191 1037 2268 cuperent
1059 2190 1092 2250 et
1113 2203 1248 2267 regnum
1270 2184 1486 2252 restituerent.

320 2283 415 2364 Quod
437 2287 599 2354 aLicinio
622 2289 841 2372 excogitatum
858 2307 930 2354 erse
951 2307 1016 2354 non
1039 2284 1243 2354 crediderim.
1279 2285 1347 2352 Sed
1363 2305 1436 2354 cum
1455 2289 1487 2353 in

317 2389 463 2455 oratione
479 2390 641 2472 (quamvis
656 2409 721 2456 non
736 2389 839 2473 ipsius
862 2389 999 2455 oratoris
1014 2387 1123 2454 verbis
1143 2387 1282 2467 reddita)
1298 2388 1362 2454 istc
1376 2409 1487 2456 occur-

317 2495 399 2572 rant,
422 2490 456 2555 in
478 2497 630 2576 promptu
652 2498 702 2557 est
716 2492 858 2575 suspicio
881 2493 945 2576 ipsi
961 2491 1120 2574 Dionysio
1136 2507 1263 2558 ecesse
1282 2491 1486 2560 ascribenda.

317 2591 450 2658 Constat
472 2593 558 2659 enirn
581 2627 624 2640 -
646 2592 771 2659 illierlii
794 2593 953 2676 imprimis
972 2591 1198 2660 dissertatione
1214 2592 1234 2668 ¹)
1260 2626 1298 2637 -
1323 2596 1487 2662 orationes
1589 2635 1590 2640 κ

317 2694 563 2777 antiquitatibus
585 2695 723 2762 insertas
746 2714 897 2778 magnam
919 2694 963 2761 ad
991 2701 1117 2779 partem
1139 2714 1182 2761 ex
1210 2695 1312 2780 ipsius
1336 2695 1487 2782 Dionysii
1589 2729 1590 2778 1

317 2793 449 2862 officina
470 2797 517 2862 ita
536 2795 701 2881 prodisse,
724 2802 815 2863 utet
837 2815 921 2881 quae
943 2795 1032 2880 apud
1053 2796 1217 2864 Romanos
1239 2798 1413 2881 scriptores
1441 2800 1486 2865 in·

316 2895 414 2980 venit,
437 2899 595 2984 arriperet
617 2905 650 2965 et
671 2899 742 2983 ipre
764 2897 994 2983 amplificaret,
1017 2897 1177 2980 adiceret,
1200 2897 1338 2982 fingeret
1359 2898 1487 2968 Graece

317 2999 509 3083 saepissime
531 3001 684 3084 exempla
699 3002 867 3078 secutus.²)
903 2999 1074 3066 Facillime
1090 3005 1198 3066 autem
1220 2998 1291 3066 fieri
1313 3002 1429 3088 potuit,
1453 3011 1487 3069 ut

316 3100 371 3168 hic
392 3102 626 3187 recorderetur,
650 3121 734 3186 quae
756 3104 790 3168 in
813 3122 882 3186 cap.
907 3103 1035 3166 53-57
1058 3100 1100 3166 de
1122 3102 1323 3185 plebeiorum
1346 3123 1486 3188 quorun-
1589 3133 1590 3150 1

317 3203 392 3270 darn
420 3210 454 3270 et
486 3223 652 3272 servorum
681 3205 902 3270 coniuratione
935 3202 978 3268 ad
1007 3202 1220 3286 Tarquinium
1251 3205 1484 3272 restituendum

316 3304 404 3373 facta
422 3341 458 3391 ‚-
484 3307 642 3374 incertum
665 3305 783 3388 adbuc,
807 3325 871 3388 quo
894 3313 1025 3372 auctore
1047 3303 1251 3371 adhibito-
1268 3311 1486 3373 enarraverat.
1589 3333 1590 3402 q

404 3544 429 3606 1)
446 3539 557 3607 Flierle,
570 3536 920 3608 ‘UeberNucbebmungen
937 3539 986 3595 des
1004 3539 1155 3607 nemosth,
1173 3537 1297 3606 Thucyd.
1318 3552 1343 3591 u.
1357 3535 1486 3607 Xenopb.

315 3624 347 3678 in
359 3624 411 3678 den
423 3623 518 3679 Reden
531 3624 557 3678 d.
570 3624 649 3680 Rbm.
662 3624 793 3680 Arcbtol.
806 3625 855 3680 der
866 3624 946 3680 Dion.
960 3641 985 3679 v.
997 3618 1070 3679 Hal?
1100 3623 1142 3678 Ol.
1155 3623 1248 3678 etiem:
1267 3621 1375 3689 Renke,
1383 3617 1486 3676 ‘Welt-
1589 3645 1590 3704 3

316 3701 771 3779 gascb.'11121³b;Virck,ll
790 3727 818 3779 p.
831 3713 874 3764 82.

403 3797 428 3862 2)
445 3794 567 3850 Etiem'
559 3813 587 3850 rn
604 3796 657 3849 bec
674 3795 823 3850 orationa'
815 3808 916 3861 inesse,
940 3809 1011 3864 quae
1028 3799 1060 3848 ut
1077 3793 1196 3862 scriptor
1213 3792 1354 3848 Romanus
1373 3809 1487 3862 compo
1589 3759 1590 3810 ³

318 3886 404 3948 neret,
416 3878 476 3934 fieri
488 3895 543 3936 non
555 3884 672 3948 poterat,
691 3894 839 3949 cognosces
851 3895 885 3934 ex
899 3882 941 3945 65,
955 3885 975 3944 1,
987 3878 1035 3933 ubi
1047 3878 1081 3932 de
1092 3878 1200 3934 Solonis
1213 3879 1383 3955 σεισαχθείᾳ
1395 3893 1487 3934 sermo

316 3961 357 4020 fit.
388 3963 493 4020 Temen
517 3979 552 4019 ne
573 3963 620 4018 hic
638 3963 746 4033 quidem
768 3964 880 4030 desunt,
904 3978 974 4033 quac
991 3963 1045 4018 iarn
1063 3979 1097 4017 ex
1113 3961 1237 4018 Romano
1256 3962 1331 4017 tonte
1355 3963 1489 4018 fluxerint
1589 3953 1590 4032 Ῐ

315 4063 428 4106 necesse
445 4053 501 4117 est,
523 4054 554 4104 ut
571 4049 648 4118 pecie
667 4065 729 4104 cunr
746 4049 889 4104 Porsenna
905 4063 968 4116 rege
990 4049 1063 4104 ictae
1081 4048 1268 4113 condiciones,
1290 4047 1324 4102 de
1342 4048 1486 4118 quibust.

314 4133 388 4191 inire
405 4138 489 4204 ceput
501 4134 535 4190 V.
