3170 4984
247 360 310 424 216
724 353 790 414 Otto
809 353 938 410 Boaksclr

246 531 413 602 Plutarchi
443 518 644 602 ‘Publicola’
681 529 900 611 eontinentur,
933 527 1052 596 rectius
1084 527 1283 596 iudicavisse
1316 547 1414 611 qaam

246 634 448 706 Nituscbium
464 651 590 704 censeo.
628 630 696 700 Sed
711 651 784 700 enm
799 650 928 713 sperem
950 631 1031 714 fore,
1053 636 1089 698 ut
1110 629 1163 700 hic
1185 631 1254 696 illie
1268 631 1414 713 aliquan-

248 739 351 803 tulum
373 753 478 801 novae
493 733 576 799 lucis
591 732 757 798 annalium
769 733 1012 816 quaestionibus
1023 731 1199 815 adferatur,
1221 733 1320 798 liceat
1334 732 1415 800 mibi

247 839 522 923 disquisitionem,
552 836 580 901 si
602 855 666 902 non
691 835 794 902 fusius
817 855 997 919 exponere,
1024 841 1133 902 tamen
1154 833 1349 903 adumbrare
1372 840 1413 916 et,

248 961 332 1026 quae
354 939 474 1022 inveni,
496 938 628 1004 referre.

335 1041 447 1108 Visum
470 1046 520 1106 est
540 1038 622 1106 mibi
644 1039 867 1124 quaestionem
891 1041 1038 1123 ingresso
1068 1041 1101 1104 in
1123 1044 1233 1122 partes
1255 1037 1414 1121 quasdam

248 1151 349 1214 totam
365 1143 533 1210 materiem
549 1141 726 1226 seperatim
741 1140 978 1226 comparandas
994 1140 1168 1210 dissecare.
1206 1140 1257 1208 Ae
1271 1141 1414 1224 primum

248 1245 381 1330 quidem
402 1244 444 1311 de
467 1244 581 1310 Dion.
605 1242 634 1310 V
657 1247 773 1326 1-13,
795 1244 884 1312 coll.
909 1261 994 1311 cnm
1015 1241 1122 1312 Plur.
1144 1243 1256 1309 Publ.
1279 1263 1308 1310 c.
1332 1243 1416 1308 1-8

249 1347 422 1416 dicendum
444 1346 515 1412 erit.
553 1343 645 1424 Quae
668 1344 731 1413 baa
745 1351 839 1430 parte
860 1345 1055 1430 aDionysio
1071 1351 1269 1427 enarrantur,
1292 1364 1332 1414 ea
1347 1344 1418 1410 nllo

248 1449 347 1519 modo
370 1469 413 1518 ex
427 1448 552 1514 Valerii
566 1447 707 1516 Antiatis
729 1447 887 1514 memoria
904 1446 1045 1514 deducta
1067 1465 1149 1530 esse,
1172 1447 1244 1512 veri
1258 1446 1343 1514 adeo
1367 1452 1418 1512 est

248 1551 419 1634 dissimile,
441 1555 477 1615 ut
499 1551 572 1616 vice
595 1568 691 1616 versa
712 1550 862 1633 plurima,
885 1550 919 1614 in
941 1549 1061 1632 quibus
1081 1547 1275 1614 Plutarchus
1297 1548 1416 1614 aDio·

248 1655 343 1738 nysio
360 1651 534 1735 discrepat,
558 1672 601 1718 ex
616 1671 656 1717 ea
670 1651 865 1734 narratione,
889 1671 987 1734 quam
1003 1651 1180 1736 Dionysius
1203 1656 1332 1718 secutus
1354 1656 1419 1730 est,

249 1754 423 1821 rideantur
444 1759 532 1822 certo
555 1753 691 1820 consilio
719 1753 946 1820 transformata
967 1773 1049 1820 esse.
1095 1753 1193 1820 Velut
1215 1772 1255 1818 ea
1282 1753 1419 1835 legatio,

250 1876 334 1940 quae
350 1857 446 1922 Dion.
462 1855 490 1920 V
507 1857 535 1938 3,
553 1857 572 1918 3
587 1874 658 1938 sqq.
673 1853 716 1920 ad
732 1854 813 1920 duas
828 1874 880 1922 res
896 1854 1062 1938 petendas,
1082 1860 1118 1920 ut
1133 1854 1161 1920 si
1176 1854 1280 1921 maior
1294 1853 1421 1921 reiecta

250 1964 354 2042 esset,
382 1958 487 2024 minor
507 1958 623 2022 saltem
645 1956 891 2034 concederetur,
913 1977 935 2024 a
956 1957 1134 2039 Tarquinio
1156 1956 1294 2024 Romam
1316 1956 1418 2022 missa

251 2079 323 2130 esse
346 2057 475 2140 dicitur,
496 2059 580 2126 Plut.
598 2059 726 2126 Proin
750 2059 786 2126 in
807 2059 888 2128 duas
910 2059 1091 2141 legationes
1114 2057 1272 2126 dissoluta
1294 2064 1353 2138 est,
1378 2076 1419 2123 eo

251 2162 404 2228 nimirum
432 2161 584 2244 consilio,
614 2168 650 2226 ut
679 2161 828 2228 Valerius
857 2161 1030 2227 Publicola
1057 2161 1198 2246 priorem
1232 2179 1267 2226 re
1297 2157 1419 2227 infecta

251 2263 386 2333 domum
406 2262 569 2332 dimittere
591 2269 722 2346 posset,
748 2280 789 2327 ne
811 2262 923 2328 referri
947 2262 1078 2346 quidem
1101 2263 1135 2330 iu
1157 2263 1308 2329 contione
1329 2281 1418 2326 man·

252 2365 330 2435 data
350 2385 477 2448 passus.
523 2364 623 2431 Porro
646 2365 730 2430 Plut.
754 2363 846 2432 Publ.
871 2367 954 2448 deq.
978 2364 1064 2442 (coll
1088 2384 1114 2430 e.
1138 2363 1235 2430 Dion.
1259 2363 1289 2429 V
1308 2365 1340 2441 9)
1369 2362 1417 2428 id·

251 2469 337 2534 circo
360 2467 477 2536 Brutus
499 2465 575 2534 filiis
598 2467 759 2549 percussis
781 2487 803 2532 a
823 2467 894 2534 foro
924 2466 1053 2534 uidetur
1074 2465 1252 2549 decedere,
1282 2472 1318 2530 ut
1342 2485 1420 2548 pars

251 2569 360 2642 laudis
375 2569 482 2638 severi
504 2568 618 2634 iudicii
641 2574 754 2636 contra
774 2569 909 2635 nimiam
924 2568 1095 2652 Tarquinii
1111 2567 1264 2636 Collatini
1279 2569 1422 2636 clemen·

251 2673 331 2736 tiam
348 2669 474 2736 defensi
490 2669 621 2735 Valerio
645 2689 773 2754 quoque
788 2671 990 2752 tribueretur,
1015 2671 1105 2737 cuius
1120 2669 1210 2754 apud
1225 2669 1421 2752 Dionysium·

253 2772 317 2838 bac
339 2773 430 2838 inre
452 2773 543 2838 nulla
564 2771 601 2836 fit
622 2773 754 2839 mentio.
794 2773 953 2841 Attendas
975 2780 1093 2857 antem,
1116 2793 1179 2856 quo
1202 2772 1339 2840 artifieio
1361 2774 1418 2839 ille

252 2875 418 2940 annalium
447 2876 598 2958 scriptor,
627 2894 745 2958 nempe
769 2875 916 2942 Valerius
938 2877 1068 2957 Antias,
1097 2895 1139 2942 ne
1167 2877 1297 2958 longius
1319 2877 1427 2944 auda·¹

253 2977 390 3059 eiusque
408 2996 430 3043 a
451 2977 585 3059 vulgata
607 2978 764 3042 memoria
785 2977 967 3060 recederet,
990 2979 1024 3046 in
1046 2979 1299 3062 Dionysianam,
1322 2999 1420 3062 qnam

253 3079 421 3162 appellare
443 3078 557 3160 liceat,
586 3097 678 3144 snam
706 3076 870 3144 reflexerit
898 3081 1129 3148 narrationem:
1153 3081 1318 3165 Valerius,
1347 3101 1418 3148 cum

252 3201 389 3264 magnus
412 3186 499 3247 ortus
528 3180 572 3248 sit
597 3182 765 3264 tumultus,
796 3181 936 3264 denique
959 3182 1093 3250 Brutum
1123 3185 1290 3250 consulem
1310 3202 1422 3252 rursus

253 3283 397 3354 arcessit.

341 3385 516 3452 Praeterea
530 3386 621 3468 leges
633 3386 825 3470 complures,
842 3405 925 3468 quae
937 3386 1026 3470 apud
1041 3387 1170 3454 Livium
1183 3394 1216 3453 et
1226 3387 1422 3472 Dionysium

255 3487 310 3552 vel
322 3487 422 3555 Bruto
435 3492 467 3552 et
479 3487 657 3570 Tarquinio
671 3487 832 3556 collatino
842 3487 927 3570 (Liv.
937 3489 968 3554 ll
985 3495 1014 3574 1,
1029 3491 1091 3570 10),
1104 3490 1160 3556 vel
1170 3489 1269 3556 Bruto
1282 3497 1315 3556 et
1325 3489 1418 3556 Vale-

255 3589 304 3653 rio
317 3587 537 3672 (Dion.Vl3),
553 3591 606 3655 vel
619 3589 750 3656 Valerio
767 3597 799 3662 et
809 3590 945 3658 Horatio
962 3592 1146 3658 consulibus
1162 3593 1249 3658 latae
1261 3611 1332 3658 esse
1347 3611 1420 3656 nar-

255 3695 376 3772 rantur,
399 3711 421 3755 a
434 3690 566 3757 Valerio
589 3692 720 3760 Antiate
736 3693 767 3763 ei
785 3692 924 3776 temperi
939 3700 1123 3762 reservatae
1139 3700 1222 3776 sunt,
1245 3714 1310 3777 que
1325 3693 1419 3760 Vale·

257 3792 324 3859 rius
340 3791 510 3858 Publicola
532 3794 620 3860 solus
642 3795 691 3861 rei
705 3795 855 3878 publicae
871 3803 1038 3878 praeesset
1052 3795 1149 3880 (Plut
1166 3796 1202 3860 P.
1221 3799 1283 3871 10).
1319 3795 1420 3863 Acce·

257 3893 337 3960 dunt
358 3894 448 3962 leves
471 3895 632 3978 quaedum
655 3895 687 3962 in
716 3897 853 3980 singulis
879 3899 977 3966 rebus
998 3899 1252 3982 discrepantiae,
1281 3917 1366 3980 quae
1393 3897 1425 3962 si

257 3995 409 4079 Dionysii
424 4003 588 4064 auctorem
604 3998 652 4065 ab
661 4001 794 4066 Antiate
809 3999 928 4066 tradita
943 4007 1085 4068 mutasse
1101 4000 1211 4082 sumis,
1228 4001 1316 4066 omni
1331 3998 1421 4064 vide·

257 4104 352 4163 antur
375 4116 485 4164 carere
500 4101 634 4184 ratione,
659 4109 694 4170 at
710 4103 886 4170 narrationi
909 4123 1045 4170 acumen
1069 4101 1233 4186 quoddam
1249 4103 1303 4170 vel
1324 4121 1421 4186 pecu·
