3170 4984
304 389 365 448 236
779 390 844 446 Otto
863 391 990 448 Bcclrrclr

303 563 507 648 desumptus,
531 564 619 648 quod
640 565 723 631 alter
745 564 858 632 decem
889 567 969 650 ipsis
998 567 1092 633 aunis
1115 567 1136 632 i.
1160 586 1188 633 o.
1213 566 1338 633 duobus
1361 568 1475 637 lustris

302 672 377 750 post
391 667 528 732 alterum
550 674 698 733 narratur
713 666 842 734 habitus
864 687 946 734 esse.
985 666 1090 746 Quam
1106 669 1297 735 sententiam
1315 671 1473 752 quoniam

303 787 365 850 ego
388 787 452 834 nou
474 771 593 852 probo,
624 769 719 834 aliter
742 769 855 835 decem
882 769 932 834 illi
954 771 1031 835 anni
1054 769 1135 836 mibi
1158 776 1251 837 erunt
1273 772 1474 855 explicandi.

302 869 436 936 (lonicio
458 870 558 954 igitur
578 872 717 956 primum
740 872 865 937 liberae
886 872 1101 956 reipublicae
1125 892 1255 940 censum
1279 874 1372 940 initio
1396 895 1472 942 cum

301 981 408 1066 prima
423 980 584 1046 dictatura
606 973 757 1052 (auelles
773 973 950 1040 secundum
964 974 1100 1040 alteram
1117 975 1333 1062 traditionem,
1356 997 1472 1044 secuu-

302 1082 379 1149 dum
397 1083 533 1148 alteram
550 1077 702 1157 253l501)
724 1075 929 1142 coniunctum
952 1075 1053 1142 tuisse
1066 1079 1097 1161 ¹),
1120 1083 1156 1142 ut
1170 1078 1304 1161 primus,
1329 1080 1385 1164 qui
1407 1099 1472 1147 re·

301 1185 405 1268 giam
434 1201 540 1268 paene
569 1184 763 1264 potestatem
793 1179 827 1242 in
855 1197 891 1243 re
919 1178 1052 1261 publica
1080 1179 1185 1246 libera
1210 1180 1350 1265 adeptus
1372 1188 1471 1266 esset,

301 1285 410 1354 Servii
425 1286 526 1351 Tullii
549 1283 663 1367 regis
687 1281 867 1347 institutum
883 1281 1075 1346 restitueret.
1113 1281 1234 1348 Postea
1249 1282 1378 1349 demum
1396 1304 1472 1350 cen·

302 1409 356 1456 sus
378 1407 534 1454 annorum
559 1383 732 1460 2505030
760 1382 953 1462 02461498
976 1381 1096 1449 adiecti
1119 1383 1271 1450 videntur
1293 1404 1381 1468 csso,
1406 1387 1471 1452 sol·

300 1491 400 1556 lemni
422 1490 573 1554 nimirum
595 1486 767 1553 intervallo
789 1485 998 1570 interposito,
1027 1492 1063 1551 ut
1090 1487 1155 1551 iam
1178 1487 1207 1551 is
1235 1488 1359 1571 primus
1382 1495 1472 1555 esset

299 1593 335 1657 in
357 1593 462 1658 libera
482 1589 665 1674 republica
686 1586 826 1670 habitus,
850 1607 946 1671 quem
963 1586 1104 1679 denique
1119 1587 1267 1666 Anuase
1291 1589 1471 1656 eseoundo

300 1693 343 1760 ad
366 1694 505 1776 primum
534 1691 658 1756 liberae
681 1691 729 1755 rei
750 1690 839 1774 publ.
863 1709 981 1756 annum
1004 1689 1166 1774 relegavit
1188 1709 1227 1756 eo
1253 1709 1371 1774 nempe
1393 1711 1471 1758 con·

300 1795 393 1875 silio,
422 1801 457 1859 ut
486 1793 626 1858 restituti
655 1810 770 1858 census
799 1810 929 1875 quoque
962 1791 1093 1858 laudem
1117 1792 1248 1859 Valerio
1278 1792 1470 1861 Publicolae

300 1895 475 1971 auderato

388 1995 456 2064 Sed
479 2002 514 2062 ut
535 1995 578 2062 ad
602 1995 794 2081 Dionysium
818 1995 1000 2082 redeamus,
1024 1996 1177 2081 quoniam
1200 1996 1285 2061 V75
1309 2017 1327 2064 e
1350 1997 1471 2064 Licinii

300 2100 472 2166 annalibus
495 2097 645 2164 haustum
669 2117 742 2164 esse
761 2098 914 2182 vidimus,
938 2100 1003 2165 iam
1026 2099 1228 2183 sequitur,
1252 2105 1294 2164 ut
1315 2099 1471 2182 primus

300 2203 376 2268 ille
399 2221 544 2268 census
567 2201 652 2266 V20
676 2220 725 2266 ex
747 2201 831 2266 alio
855 2221 931 2285 quo
947 2208 1117 2268 auctore
1140 2201 1377 2286 exscriptus
1402 2204 1470 2269 sit.

386 2303 536 2370 Ceterum
566 2303 771 2386 cognoscitur
801 2322 842 2368 ex
865 2303 894 2368 V
918 2306 958 2367 75
985 2323 1058 2369 cum
1081 2303 1110 2368 V
1133 2305 1174 2367 20
1197 2303 1317 2369 collato
1338 2303 1389 2369 Li
1403 2305 1470 2371 ci·

299 2408 408 2473 nium
431 2407 609 2473 Macrum
635 2424 700 2470 non
723 2405 826 2471 solum
857 2425 1047 2472 numeros
1070 2405 1285 2488 dedisse,
1316 2405 1375 2472 sed
1405 2405 1471 2473 hoc

299 2529 433 2576 numero
454 2507 613 2586 (150700)
645 2507 742 2572 etiam
766 2507 931 2573 Antiatem
954 2527 1126 2592 superasse
1149 2511 1225 2587 (100
1233 2512 1324 2592 000),
1348 2509 1411 2576 etsi
1432 2517 1470 2576 ut

299 2611 458 2694 Dionysio
487 2611 533 2675 ita
555 2609 687 2676 Antiate
715 2616 848 2676 auctore
878 2610 973 2688 (Plut.
997 2611 1091 2676 Publ.
1114 2613 1172 2693 213
1195 2610 1290 2677 Dion.
1314 2611 1343 2678 V
1366 2616 1419 2697 40,
1435 2616 1469 2694 3)

299 2713 430 2779 interim
454 2714 537 2776 5000
553 2711 692 2777 Sabinos
716 2731 789 2777 cum
803 2711 889 2795 App.
907 2711 1046 2778 Claudio
1068 2712 1242 2780 advenisse
1263 2715 1469 2798 respicimus.

386 2882 430 2948 At
452 2887 553 2948 tetum
578 2888 676 2965 caput
699 2884 750 2948 20.
767 2881 805 2948 V.
828 2882 905 2948 libri
927 2882 1078 2966 Dionysii
1100 2883 1328 2967 antiquitatum
1350 2891 1387 2951 ut
1409 2887 1470 2952 vix
1575 2925 1576 2958 ι

300 2984 426 3052 Licinio
443 2984 588 3069 debetur,
612 2985 659 3050 ita
674 3003 715 3049 ne
730 2985 772 3050 ab
789 3004 828 3051 eo
845 2983 976 3068 quidem
993 2991 1125 3050 auctore
1139 2985 1258 3068 prioris
1280 2984 1376 3053 huius
1391 2989 1469 3054 libri

298 3087 401 3172 partis
423 3087 464 3164 (V
483 3091 611 3170 1-43),
635 3107 730 3170 quem
755 3105 853 3169 supra
868 3087 1087 3170 compluribus
1110 3087 1191 3154 locis
1209 3086 1469 3171 deprehendisse

298 3190 392 3257 nobis
423 3188 614 3255 videbamur
643 3207 804 3273 quemque
837 3188 1051 3272 principalem
1079 3187 1194 3254 ducem
1223 3187 1345 3255 bacin
1373 3199 1469 3275 parte

387 3398 411 3459 1)
429 3392 471 3446 Cf.
490 3392 596 3446 Matzat
609 3383 700 3443 ‘Rom
720 3381 859 3444 chronol!
878 3389 905 3442 11
923 3393 948 3444 8.

385 3481 411 3544 2)
430 3477 473 3532 cf.
492 3475 648 3543 Hieronym.
668 3473 762 3527 chron.
781 3473 833 3539 (Ol.
853 3477 886 3528 69
904 3499 939 3519 =
958 3477 1025 3540 503).

387 3565 413 3628 3)
431 3561 494 3616 Non
516 3559 663 3615 tacendum
687 3563 754 3627 puto
778 3561 861 3615 etiam
882 3560 938 3628 alia
956 3559 1115 3615 coniectura
1133 3559 1199 3614 satis
1218 3559 1287 3616 bene
1304 3575 1360 3616 rem
1379 3563 1467 3632 expli-

300 3645 372 3708 cari,
391 3659 554 3714 quamquam
578 3650 669 3699 utrum
687 3659 780 3698 verum
798 3644 846 3710 sit,
868 3645 914 3700 rix
937 3645 1038 3714 poterit
1055 3644 1207 3700 diiudicari.
1242 3643 1374 3702 Fortasse
1397 3654 1466 3714 tum,

298 3747 361 3786 cum
379 3736 442 3784 ante
460 3731 577 3799 primum
591 3745 702 3784 censum
715 3745 733 3784 a
745 3729 879 3785 dictatore
896 3729 984 3799 primo
997 3729 1121 3784 habitum
1139 3731 1203 3785 novi
1215 3731 1268 3786 dno
1281 3745 1380 3786 census
1399 3747 1466 3802 sup·

298 3817 459 3886 plebantur‚
485 3814 607 3869 nondum
631 3817 751 3870 insertus
775 3821 834 3869 erat
857 3815 956 3869 tertius
974 3815 1019 3868 ille
1037 3814 1140 3870 liberae
1157 3817 1195 3870 rei
1214 3815 1290 3886 publ.
1308 3831 1411 3883 annus,
1433 3823 1466 3872 ut

298 3903 402 3973 primus
425 3915 515 3955 annus
537 3899 578 3955 rei
600 3899 753 3969 publsnon
769 3900 912 3966 undecim,
934 3901 981 3954 sed
1000 3898 1093 3954 decem
1115 3900 1195 3955 annis
1218 3905 1282 3955 aute
1299 3900 1465 3956 dicaturmn

297 3986 450 4041 institutam
468 3985 560 4040 luerit.

385 4077 411 4138 4)
429 4070 552 4124 Nitzsch.
570 4071 588 4125 l.
601 4070 619 4125 l.
632 4087 659 4140 p.
674 4075 707 4127 43
719 4071 778 4126 vice
789 4085 868 4130 versa
885 4087 902 4125 a
913 4069 1045 4141 Dionysio
1061 4071 1136 4125 hunc
1149 4085 1260 4127 censum
1273 4086 1306 4126 ex
1318 4071 1464 4127 annalibus

298 4157 418 4213 Antiatis
437 4156 550 4226 petitum
570 4157 598 4211 in
617 4158 733 4214 alterum
752 4171 853 4210 annum
871 4157 1034 4212 translatum
1052 4171 1114 4212 csse
1131 4160 1221 4226 putat.
