3270 4968
327 351 367 408 62
753 348 933 417 Engelbcrtus
952 347 1059 416 Drernp

326 529 433 607 notae,
456 543 537 590 unns
559 523 710 604 Urbinas,
735 541 829 606 quem
850 521 983 605 propius
1006 520 1236 590 Ambrosianus
1259 522 1311 600 (E)
1334 521 1484 604 attingit“
1614 486 1615 562 Ῠ

327 627 456 693 omnino
477 628 592 710 nugari
615 625 750 693 videtur.

414 727 629 806 Quamobrem
652 729 796 796 Keilium
823 728 1004 811 linquamus
1032 733 1129 811 atque
1157 726 1191 793 id
1219 728 1357 811 prImum
1386 746 1483 810 quae·

327 851 444 915 ramus,
475 831 554 915 quid
577 837 697 898 certum
726 831 768 897 de
791 829 938 896 codicum
967 828 1203 896 necessitudine
1231 828 1338 897 adhuc
1367 850 1482 912 cogno·

328 933 479 999 verimus.
524 933 613 1000 Duas
646 939 754 1000 autem
788 930 936 999 codicum
970 932 1202 998 Isocrateorum
1233 952 1303 1000 csse
1332 933 1482 1015 familias,

329 1037 393 1100 iam
416 1034 585 1102 Bekkerus
609 1035 726 1102 denuit.
772 1034 914 1113 Quarum
942 1035 1046 1101 altera
1074 1055 1145 1102 cum
1168 1035 1272 1104 solum
1295 1035 1483 1103 Urbinatem

329 1139 533 1223 superstitem
565 1137 692 1220 habeat,
727 1139 830 1204 altera
858 1136 985 1204 codices
1011 1139 1120 1202 ΘΛΠ
1140 1138 1370 1223 complectitur,
1405 1158 1484 1221 quos
1615 1152 1616 1162 ¹

330 1242 377 1307 ita
399 1243 481 1307 inter
503 1261 537 1307 sc
561 1239 743 1326 cohaerere,
775 1247 810 1306 ut
838 1238 966 1308 codices
989 1244 1065 1304 ΛΠ
1089 1240 1236 1307 codicum
1263 1243 1332 1304 ΘΛ
1354 1241 1484 1307 familiis

329 1345 393 1409 iam
416 1344 574 1427 separatis
597 1344 680 1410 inter
702 1362 737 1411 se
760 1342 975 1425 discesserint,
997 1363 1018 1408 a
1039 1343 1241 1410 Buermanno
1265 1344 1317 1421 (cf.
1340 1343 1355 1407 I
1376 1364 1408 1426 p.
1434 1343 1484 1420 10)

331 1447 482 1512 certiores
504 1446 581 1512 facti
604 1466 722 1514 sumus.
767 1445 894 1512 Etenim
916 1444 1022 1511 codex
1040 1449 1069 1510 Θ
1085 1446 1215 1529 saepius
1238 1465 1310 1512 cum
1326 1449 1356 1508 Γ
1374 1451 1485 1512 contra

329 1554 368 1611 A
391 1549 558 1634 consentit,
582 1569 653 1615 cum
676 1549 749 1614 aliis
764 1549 844 1615 locis
860 1567 964 1630 neque
980 1549 1092 1631 paucis
1107 1548 1309 1615 librariorum
1325 1549 1484 1615 erroribus

330 1657 498 1736 corruptus
521 1657 632 1717 contra
654 1651 810 1736 genuinas
833 1649 981 1716 codicum
1003 1654 1070 1714 ΓΛ
1092 1651 1247 1718 lectiones
1273 1651 1379 1718 faciat.
1425 1650 1484 1717 Oo-

329 1755 437 1821 dicum
459 1773 536 1820 vero
564 1755 752 1820 memoriam
780 1751 824 1818 ad
851 1758 978 1836 tempus
1007 1753 1119 1836 procul
1145 1759 1301 1820 remotum
1334 1755 1485 1839 persequi

329 1859 415 1940 licet,
447 1877 518 1924 cum
541 1855 645 1923 codex
668 1855 807 1923 Urbinas
836 1855 966 1922 saeculo
997 1853 1123 1922 decimo
1147 1855 1211 1934 (vel
1242 1855 1412 1924 undecimo
1445 1877 1485 1924 ex

329 1961 431 2026 Keilii
454 1959 624 2037 sententia)
638 1959 661 2035 ¹)
685 1964 708 2024 'e
732 1957 844 2024 codice
866 1955 1006 2040 quodam
1028 1958 1159 2041 antiquo
1182 1957 1297 2049 litteris
1320 1959 1485 2042 quadrans

330 2067 463 2128 exarato
475 2063 498 2139 ²)
522 2060 694 2142 diligenter
716 2059 894 2144 descriptus
917 2060 967 2142 sit,
991 2059 1096 2126 codex
1119 2064 1157 2122 A
1178 2065 1485 2128 autemann01063

329 2185 351 2230 a
383 2162 549 2229 Theodori
582 2162 706 2228 librarii
743 2183 840 2228 manu
876 2162 1038 2246 proiectus
1070 2163 1124 2229 vel
1159 2163 1282 2230 lacunis
1318 2163 1485 2248 archetypi

331 2271 479 2334 accurate
501 2263 638 2332 redditis
659 2264 761 2348 ipsius
794 2263 890 2330 Iontis
914 2269 1105 2332 vetustatem
1134 2268 1329 2350 comprobet.
1373 2266 1487 2334 Oodcx

334 2371 364 2434 Θ
387 2368 527 2452 denique
549 2368 636 2434 tertii
659 2366 776 2434 decimi
800 2365 929 2449 quidem
958 2367 1080 2434 sacculi
1110 2388 1173 2434 non
1203 2389 1313 2436 omnes
1336 2370 1486 2436 Isocratis

332 2471 493 2540 orationes
508 2470 665 2553 continot;
687 2468 745 2536 scd
761 2469 803 2534 ad
816 2467 951 2535 candem
963 2469 1182 2537 recensionem
1200 2473 1366 2557 exemplar
1377 2470 1486 2538 Photii

330 2573 543 2658 probabiliter
564 2572 750 2655 referamus,
781 2570 869 2654 quod
890 2571 1041 2638 Isocratis
1063 2575 1224 2640 orationes
1246 2582 1374 2659 praeter
1400 2573 1486 2642 deci-

331 2696 418 2741 mam
440 2680 564 2741 sextam
583 2694 659 2742 casn
674 2673 810 2740 fortasse
826 2674 979 2740 omissam
995 2672 1056 2742 hoc
1071 2675 1182 2742 ordine
1198 2678 1485 2760 complectebatur:

332 2778 357 2842 I.
381 2778 422 2842 11.
446 2777 503 2841 III.
527 2777 612 2842 VIII.
636 2776 690 2842 IV.
714 2776 784 2842 v11.
807 2775 894 2840 XIV.
917 2775 971 2841 VI.
994 2775 1084 2843 XIII.
1106 2778 1163 2843 XI.
1187 2779 1228 2845 X.
1258 2780 1315 2845 IX.
1346 2780 1383 2845 V.
1411 2779 1485 2844 XII.

332 2879 403 2944 XV.
427 2877 544 2944 XVIII.
568 2878 657 2944 XIX.
681 2876 770 2942 XXI.
794 2877 889 2942 XVII
910 2878 984 2944 XX.
996 2881 1019 2956 3)
1038 2897 1041 2902 ’
1063 2877 1206 2957 Quarum
1226 2881 1349 2948 medias
1364 2887 1486 2948 tantum

331 2983 373 3048 ab
397 3001 441 3048 or.
464 2981 518 3046 IV.
541 3000 641 3065 nsque
665 2980 708 3046 ad
729 2979 800 3044 XV.
824 2979 929 3047 codex
954 2982 983 3044 Θ
1006 2979 1139 3048 exbibet
1167 2984 1346 3050 orationum
1374 2984 1487 3051 ordine

333 3104 397 3150 non
431 3082 570 3167 vadato,
606 3083 668 3150 nisi
701 3081 788 3165 quod
817 3082 977 3150 orationes
1005 3083 1062 3148 XI.
1085 3084 1126 3150 X.
1149 3085 1207 3150 IX.
1236 3086 1327 3170 ipsae
1356 3085 1488 3170 quidem

333 3186 547 3270 transpositae
559 3186 611 3264 (X.
628 3185 685 3251 IX.
701 3185 773 3262 XI.)
784 3183 996 3268 principalem
1011 3186 1117 3252 locum
1133 3188 1344 3256 obtinuerunt.
1378 3185 1488 3254 Photii

333 3295 440 3355 autem
462 3289 660 3372 temporibus
683 3285 762 3354 ordo
790 3287 970 3353 orationum
998 3287 1031 3352 in
1061 3287 1173 3355 codice
1194 3293 1232 3352 A
1255 3295 1400 3357 servatus
1423 3291 1489 3356 iam

334 3392 518 3474 constabat,
546 3411 620 3456 nam
646 3390 806 3456 orationes
830 3388 1001 3457 duodecim
1026 3387 1052 3475 [‚,
1060 3391 1103 3457 ad
1125 3391 1358 3459 Demonicum“
1386 3411 1490 3475 usqne

333 3494 375 3559 ad
398 3493 681 3574 „Archidamum“,
704 3492 905 3576 Panegyrico
935 3489 1049 3578 eiecto]
1080 3495 1113 3558 in
1136 3495 1248 3561 codice
1275 3498 1315 3558 Π
1339 3493 1490 3576 traditae,

334 3598 389 3680 qui
423 3595 532 3661 Photii
561 3596 688 3663 circiter
721 3600 827 3661 aetate
859 3615 880 3661 a
914 3595 1026 3663 codice
1059 3601 1099 3658 A
1131 3595 1318 3665 discessisse
1351 3595 1491 3678 videtur,

334 3696 481 3782 eundem,
504 3717 599 3781 quem
617 3695 723 3764 codex
738 3701 776 3759 A
791 3695 936 3764 ordinem
959 3703 1142 3781 sequuntur.
1187 3700 1361 3766 Praeterea
1384 3698 1492 3766 codex

424 3869 449 3932 1)
466 3864 688 3920 Wochenschrift
704 3863 749 3918 ibr
766 3863 851 3920 klass.
869 3863 1018 3933 Philologic
1035 3865 1077 3919 Ill
1093 3881 1120 3934 p.
1140 3865 1259 3938 stellet.

421 3953 447 4016 2)
465 3951 500 4006 cl.
519 3951 679 4005 Martiuum:
702 3950 742 4005 Le
760 3949 908 4006 manuscrit
930 3949 1078 4006 d’Isocrate
1097 3951 1215 4008 Urbinas
1233 3951 1293 4007 cxl
1315 3953 1349 4007 dc
1369 3953 1398 4008 Ia
1413 3953 1492 4010 Vati-

335 4052 410 4092 canc.
446 4054 473 4106 p.
493 4041 525 4091 25
543 4039 571 4091 et
589 4037 788 4091 Buermannum
804 4036 832 4090 II
849 4053 876 4106 p.
895 4039 921 4089 4.

421 4126 447 4191 3)
465 4123 500 4178 cf.
520 4121 652 4177 Blossium
672 4137 789 4191 quoqne:
809 4123 866 4178 Att.
886 4120 995 4176 Bercds.
1014 4122 1054 4176 11²
1071 4139 1097 4194 p.
1119 4126 1168 4178 toa
1185 4127 1240 4178 not.
