3134 4986
470 393 649 462 Quaesuoner
667 394 876 451 Posidonianac.
1195 395 1257 454 365

97 586 165 649 cap.
188 565 266 631 XIV
291 559 347 632 tde
369 563 570 633 evolutione'
601 567 694 651 (περὶ
717 564 909 650 ἐξελιγμοῦ).
955 565 1046 645 Quae
1069 573 1258 651 reputantes

97 668 124 734 si
152 667 280 734 Gemini
312 661 618 736 ‘introductionem’
654 669 688 733 in
720 689 812 735 usum
846 667 1029 736 scholarum
1063 667 1258 736 destinatam

96 769 193 836 inisse
218 769 494 855 contenderimus,
524 769 612 837 baud
633 771 792 836 fallemur.
838 769 904 836 Sed
927 787 1008 836 cave
1031 788 1104 834 cum
1128 770 1257 838 Blassio

99 871 186 949 (vide
208 872 278 938 eius
300 891 386 955 prgr.
407 864 478 936 ‘De
502 871 641 938 Gemino
665 879 698 938 et
719 866 910 938 Posidonio'
933 871 1020 936 Kiel.
1044 865 1152 956 [1883]
1175 892 1208 955 p.
1225 874 1258 952 8)
1300 923 1301 926 ,

96 971 265 1038 Geminum
298 973 352 1040 ad'
369 972 462 1038 Arati
495 972 645 1039 carminis
675 973 972 1057 interpretationem
1002 992 1061 1038 sua
1094 975 1257 1042 rettulisse

96 1079 225 1141 statuae.
263 1075 390 1158 Nempe
412 1081 520 1140 noster
539 1067 745 1158 ‘Etoayqur
768 1073 817 1150 εἰς
839 1071 881 1138 τὰ
905 1064 1107 1160 φαινόμενα’
1133 1095 1173 1142 ac
1193 1096 1258 1142 non

93 1168 297 1262 Ἕίσαγωγὴν
331 1173 380 1250 εἷς
412 1171 454 1238 τὰ
491 1171 699 1256 Φαινόμενα’
735 1177 925 1261 perscripsit
957 1178 1035 1260 (qua
1068 1175 1110 1242 de
1137 1197 1173 1242 re
1201 1177 1258 1243 adi

96 1276 256 1345 Boeclxhii
280 1277 336 1343 lib.
357 1271 439 1344 ‘Ub.
463 1276 494 1342 d.
518 1277 611 1362 vierj.
635 1277 815 1344 Sonnenkr.
839 1277 897 1344 der
918 1274 1030 1344 Alten'
1057 1273 1164 1363 [1863]
1187 1281 1257 1362 p.8

97 1386 129 1444 et
148 1378 298 1446 Schmidt
319 1381 353 1444 in
373 1373 513 1444 ‘Philol'
538 1379 602 1444 vol.
618 1379 708 1444 XLV
726 1373 833 1464 [1886]
856 1400 887 1462 p.
905 1383 968 1445 304
977 1381 1070 1463 sqq).
1105 1379 1255 1446 Ceterum

95 1487 264 1564 perspecto
286 1481 390 1546 libelli
413 1480 595 1546 Geminiani
619 1482 754 1548 consilio
778 1483 843 1546 iam
866 1482 962 1546 facile
985 1482 1181 1548 nonnullae
1204 1501 1257 1550 res

96 1582 243 1665 expediri
271 1588 407 1666 possunt
434 1582 468 1647 in
497 1583 613 1665 quibus
637 1583 840 1665 explicandis
863 1582 1009 1649 homines
1032 1583 1119 1648 docti
1142 1584 1257 1650 merito

95 1682 275 1750 haeserunt
326 1683 434 1767 Atque
465 1690 552 1750 recte
580 1682 712 1767 quidem
741 1683 1039 1751 animadverterunt
1067 1685 1256 1767 orationem,

95 1805 164 1851 cum
193 1785 227 1850 in
256 1785 441 1852 universum
470 1785 512 1851 ad
541 1792 661 1852 certam
691 1784 853 1868 quandam
881 1807 1026 1852 normam
1056 1787 1258 1852 conformata

95 1886 308 1969 aequabiliter
330 1887 529 1971 procederet,
554 1907 618 1952 non
641 1887 739 1952 nullis
761 1893 870 1952 tamen
891 1888 972 1955 locis
994 1889 1036 1953 ab
1060 1889 1123 1954 ista
1144 1909 1258 1954 norma

95 1989 189 2070 longe
211 1988 374 2055 recedere.
408 1989 601 2071 Plerumque
624 1990 710 2054 enim
734 2008 775 2054 ea
795 1989 907 2054 stricta
924 1989 984 2056 sed
1005 1990 1170 2057 luculenta
1192 1998 1255 2057 est:

94 2090 253 2156 interdum
276 2109 353 2155 vero
376 2097 432 2158 ant
446 2091 588 2156 luxuriat
602 2097 658 2154 aut
672 2109 774 2173 usque
789 2090 831 2155 ad
847 2091 1075 2170 obscuritatem
1090 2100 1258 2158 contracta

95 2198 151 2259 est.
195 2192 297 2258 Porro
331 2192 414 2258 iusto
443 2193 511 2258 iure
541 2191 707 2256 clamitant
735 2211 807 2258 esse
836 2192 869 2257 in
899 2191 960 2258 hac
985 2185 1253 2260 ‘Introductione’

94 2313 176 2376 quae
199 2295 283 2360 inter
297 2313 369 2360 sese
384 2299 535 2377 pugnent.
570 2292 738 2358 Postremo
754 2293 883 2358 Gemini
899 2294 1046 2360 libellum
1062 2294 1256 2378 quibusdam

94 2395 296 2478 gravioribus
328 2396 488 2460 erroribus
518 2395 572 2460 vel
600 2393 756 2460 mediocri
782 2401 965 2460 astronomo
988 2395 1130 2478 indignis
1151 2397 1256 2461 detor-

93 2499 173 2563 mari
195 2516 261 2564 non
283 2497 353 2562 sine
376 2517 474 2564 causa
497 2494 665 2578 conquesti
687 2499 761 2562 sunt
783 2493 834 2570 (cs.
852 2494 1000 2562 Schmidt
1014 2497 1035 2560 l.
1052 2497 1073 2561 l.
1096 2517 1128 2581 p.
1146 2500 1208 2562 305
1225 2504 1257 2563 et

93 2597 260 2664 Manitium
283 2593 518 2664 in‘Oomment.
535 2593 704 2664 Fleckeis'
723 2590 828 2682 [1890]
844 2617 875 2680 p.
895 2599 1034 2681 109sq.).
1069 2597 1126 2662 Nil
1141 2599 1258 2665 attinet

94 2700 201 2766 omnia
231 2719 271 2764 ea
298 2699 461 2785 adponere
491 2718 574 2782 quae
597 2698 639 2764 de
662 2699 727 2765 illis
750 2700 977 2785 asperitatibus
1000 2706 1098 2782 atque
1120 2701 1256 2766 salebris

94 2801 155 2866 viri
177 2801 268 2868 docti
289 2803 429 2884 argutati
451 2808 539 2868 sunt:
563 2800 725 2884 equidem,
748 2802 794 2866 uti
816 2821 915 2884 supra
930 2802 1121 2885 significavi,
1145 2822 1256 2868 earum

95 2902 345 2986 explicationem
368 2902 533 2969 aGemini
555 2904 733 2987 scripturae
756 2904 891 2970 consilio
914 2909 1036 2986 repeto.
1074 2902 1166 2982 Quae
1183 2924 1256 2970 curn

94 3004 126 3068 in
153 3023 248 3071 usum
267 2996 446 3072 ‘studiosae
468 3001 659 3072 iuventutis'
683 3004 831 3070 confecta
854 3012 955 3088 esset,
984 3026 1184 3089 consequens
1208 3011 1258 3072 est

94 3111 128 3171 ut
155 3106 342 3190 frequenter
370 3127 442 3174 eam
471 3106 667 3190 descriptam
690 3126 761 3172 esse
785 3107 1017 3174 existimemus.
1061 3108 1155 3174 Nunc
1177 3127 1256 3174 vero

94 3209 177 3275 ultro
199 3209 304 3291 liquet
326 3207 540 3274 describendo
563 3207 741 3275 identidem
757 3216 902 3274 veterum
917 3210 1110 3293 scriptorum
1125 3209 1256 3276 libellos

94 3329 157 3376 non
186 3310 339 3378 meliores
365 3310 470 3377 factos
501 3329 588 3376 esse:
618 3311 715 3375 immo
744 3312 940 3393 gravissima
965 3310 1042 3378 inde
1064 3318 1255 3380 contraxere

94 3413 237 3478 volnera.
271 3411 386 3495 ltaque
408 3413 437 3479 si
458 3433 522 3476 non
545 3431 656 3477 omnes
677 3418 712 3476 at
733 3418 820 3478 certe
842 3413 998 3496 plurimos
1018 3433 1142 3480 errores
1154 3415 1175 3490 ¹)
1200 3415 1256 3497 qui

94 3513 191 3595 volgo
215 3512 352 3580 Gemino
381 3514 593 3580 obtruduntur
623 3520 753 3580 exortos
781 3515 972 3597 putaverim.
1017 3515 1118 3582 Porro
1145 3523 1256 3582 notum

96 3620 144 3680 est
165 3615 314 3682 omnibus
336 3614 535 3698 temporibus
558 3619 725 3680 contextus
745 3615 898 3680 librorum
914 3616 947 3680 in
963 3636 1055 3682 usum
1071 3615 1255 3683 scholarum

95 3717 346 3800 compositorum
377 3736 491 3801 parum
523 3716 579 3798 pie
612 3722 764 3782 tractatos
798 3736 880 3783 esse.
928 3718 967 3782 Iu
1000 3737 1080 3801 quos
1114 3718 1256 3784 editores

96 3835 221 3884 summa
248 3839 322 3886 cum
349 3817 482 3884 licentia
509 3817 649 3899 grassari
677 3816 827 3882 adsolent
855 3818 902 3882 nil
929 3820 1025 3884 veriti
1047 3839 1089 3885 ex
1111 3821 1255 3903 ipsorum

97 3909 192 3986 sensu
213 3926 312 4004 atque
335 3919 501 4003 ingeniolo
524 3919 626 3985 verba
646 3920 788 3985 auctoris
810 3919 913 3985 libelli
936 3927 1060 3985 mutare
1075 3928 1131 3986 aut
1146 3921 1256 3988 delere

182 4140 206 4204 1)
224 4135 287 4192 Huc
303 4135 408 4192 fuciunt
424 4138 572 4206 praecipue
589 4136 678 4192 vitiosi
696 4135 808 4190 numeri.
