3134 4986
574 1056 718 1125 cAPUu
739 1058 765 1122 1.

381 1223 442 1304 Do
468 1228 571 1304 oorio
597 1249 665 1302 και
690 1223 947 1303 uocabolorum

308 1403 311 1410 ·
350 1351 609 1428 ΜΕΤΕΩΡΑ
640 1356 679 1430 τί
709 1357 990 1428 ΜΕΤΑΡΣΙΑ

527 1471 809 1550 observationes.

75 1643 79 1652 '
173 1643 290 1711 Fuisse
305 1645 361 1728 qui
381 1637 688 1726 ‘Meteorologioon’
713 1644 830 1709 librum
845 1643 862 1709 I
876 1644 918 1710 eb
933 1643 1108 1711 Aristotele
1122 1644 1247 1712 abiudi-

87 1751 199 1810 oarent
225 1751 337 1812 auctor
359 1751 409 1812 est
422 1743 675 1831 Olympiodorus
697 1747 731 1811 in
751 1766 866 1812 eomm.
882 1745 924 1812 ad
941 1745 1038 1812 Arist.
1052 1739 1245 1813 ‘Meteorol'

86 1847 107 1911 l.
129 1848 178 1912 I1
205 1849 250 1931 (p.
268 1849 326 1912 131
337 1867 407 1930 sqq.
423 1850 488 1914 vol.
503 1849 520 1914 I
534 1848 638 1927 Idel.).
678 1847 822 1926 Quorum
845 1848 1062 1914 dubitationes
1084 1867 1148 1914 non
1171 1850 1248 1916 satis

86 1969 203 2032 graves
219 1949 376 2034 plurimas
390 1950 464 2016 illas
480 1951 627 2017 sollerter
640 1969 701 2017 neo
714 1969 779 2015 non
791 1955 870 2038 ¹apte
886 1949 981 2016 diluit
995 1951 1066 2034 ipse
1082 1947 1249 2035 Olympio·

87 2050 184 2118 dorus
215 2052 263 2118 ita
293 2057 329 2116 ut
349 2050 432 2116 nihil
455 2071 527 2118 esse
550 2052 699 2120 videatur
721 2072 777 2118 our
798 2053 896 2118 istum
917 2053 1034 2119 librum
1056 2073 1116 2137 pro
1138 2055 1248 2138 spurio

86 2151 305 2229 habeamus)
348 2153 392 2218 At
420 2152 628 2220 uehementer
657 2175 718 2238 ego
748 2154 899 2237 equidem
928 2162 1036 2220 metuo
1058 2174 1099 2221 ne
1122 2157 1248 2240 praefa-

85 2255 232 2322 tiuuoulu
253 2256 313 2321 toti
336 2257 426 2338 operi
448 2257 628 2340 praemissa
643 2257 770 2322 alienae
786 2257 959 2341 prosapiae
974 2258 1026 2323 sit.
1056 2257 1248 2324 Exsoribam

84 2363 194 2422 autem
219 2375 306 2443 eum,
330 2378 403 2424 oum
425 2364 494 2424 tola
515 2363 625 2424 nostra
647 2358 689 2424 de
712 2378 793 2424 vose
815 2364 981 2424 meteoron
1004 2358 1186 2441 disquisitio
1210 2379 1250 2425 eu

85 2459 179 2540 quasi
201 2456 412 2526 fundamento
427 2461 556 2526 nitatur.
594 2459 643 2526 cf.
666 2479 698 2544 p.
715 2463 735 2526 3
757 2461 822 2526 vol.
837 2459 854 2524 I
872 2458 923 2524 ed.
940 2459 1020 2524 Idel.
1043 2479 1074 2543 p.
1092 2461 1181 2525 338e
1196 2461 1248 2526 ed.

84 2559 186 2626 Acad.
213 2561 335 2626 Berol.:
363 2560 444 2646 περὶ
472 2558 533 2642 μὲν
556 2543 614 2625 οὖν
635 2561 702 2625 τῶν
726 2557 870 2647 πρῶτων
894 2558 1011 2626 αἰτιῶν
1032 2561 1093 2644 τῆς
1115 2558 1249 2647 φύσεως

82 2666 142 2730 καὶ
165 2664 249 2747 περὶ
272 2661 386 2748 πάσης
406 2659 567 2748 κινήσεως
590 2665 742 2749 φυσικῆς,
767 2660 818 2728 ἔτι
840 2661 876 2727 δὲ
898 2663 978 2749 περὶ
1000 2664 1068 2728 τῶν
1088 2659 1174 2728 κατὰ
1188 2660 1248 2750 τὴν

84 2763 153 2830 άνω
177 2762 292 2852 φορὰν
315 2762 626 2850 διακεκοσμημένων
649 2758 781 2849 άστρων
803 2765 860 2829 καὶ
882 2767 961 2850 περὶ
983 2767 1052 2830 τῶν
1075 2771 1248 2846 στοιχείων

83 2871 151 2935 τῶν
175 2867 388 2950 σωματικῶν,
412 2864 506 2931 πόσα
528 2868 642 2933 τεκαὶ
664 2878 761 2942 ποῖα,
783 2868 840 2932 καὶ
862 2869 921 2955 της
937 2865 985 2944 εἷς
1001 2861 1129 2954 άλληία
1143 2891 1247 2950 μετα-

83 2971 198 3058 βολῆς,
222 2969 280 3034 καὶ
302 2968 383 3052 περὶ
405 2971 565 3052 γενέσεως
587 2970 643 3034 καὶ
661 2971 799 3056 φθοράς
814 2971 873 3056 τῆς
887 2971 1000 3054 κοινῆς
1015 2967 1146 3055 ε’ίρηται
1161 2968 1248 3057 πρό-

84 3097 192 3158 τερον.
227 3070 272 3153 (2)
295 3067 438 3136 Λοιπὸν
454 3063 485 3133 d'
506 3066 578 3136 ἐστὶ
593 3074 694 3155 μέρος
709 3073 769 3154 τῆς
783 3069 936 3153 μεθόδου
951 3069 1074 3156 ταύτης
1090 3068 1140 3136 ἐ’τι
1155 3077 1247 3136 θεω-

83 3161 1246 3262 ρητέον,ὃπάντεςοὶπρότερονμετεωρολογίανέκάίουν·

82 3280 192 3342 ταῦτα
209 3267 242 3340 d'
262 3272 353 3340 ἐστίν
369 3265 434 3338 ὅσα
450 3277 627 3357 συμβαίνει
641 3272 725 3338 κατὰ
738 3273 841 3362 φύσιν
852 3277 922 3357 μέν,
939 3267 1162 3358 ἀτακτοτέραν
1173 3275 1246 3352 μέν·

81 3403 136 3445 τοι
151 3380 213 3466 τῆς
224 3377 286 3440 τοῦ
296 3374 433 3460 πρῶτον
446 3379 611 3456 στοιχείου
623 3379 688 3440 τῶν
701 3375 875 3460 σωμάτων,
892 3377 971 3459 περὶ
983 3371 1042 3440 τὸν
1053 3377 1248 3459 γειτνιῶντα

81 3479 236 3564 μάλιστα
258 3475 366 3544 τόπον
388 3479 430 3564 τῇ
453 3479 544 3564 φορᾷ
565 3480 633 3543 τῶν
657 3471 804 3567 άστρων,
829 3478 901 3546 οἷον
924 3483 1004 3561 περί
1026 3501 1064 3542 τε
1084 3475 1247 3562 γάλακτος

81 3583 139 3648 καὶ
156 3581 314 3667 κομητῶν
331 3580 472 3645 καὶτῶν
488 3576 742 3662 ἒκπυρουμένων
757 3582 813 3646 καὶ
829 3583 1032 3662 κινουμένων
1048 3578 1245 3667 φασμάτων,

81 3675 150 3751 ὅσα
179 3707 219 3748 τε
248 3685 391 3767 θείημεν
415 3669 455 3745 άν
478 3673 576 3764 άέρος
598 3676 685 3747 εἶναι
707 3680 803 3749 κοινὰ
826 3680 926 3768 πάθη
948 3682 1005 3746 καὶ
1027 3671 1164 3762 ὕδατος,
1196 3677 1247 3746 ἔτι

82 3785 119 3852 δέ
142 3787 205 3870 γῆς
229 3773 293 3849 ὅσα
317 3781 389 3870 ε’ίόη
412 3784 469 3848 καί
490 3785 574 3868 μέρη
589 3783 645 3847 καὶ
661 3782 761 3872 πάθη
777 3785 845 3848 τῶν
859 3785 979 3866 μερῶν,
1004 3781 1040 3860 ἐξ
1053 3775 1101 3848 ῶν
1116 3788 1197 3867 περί
1210 3807 1247 3848 τε

80 3882 290 3970 πνευμάτων
312 3886 367 3950 καί
391 3887 537 3968 σεισμῶν
559 3884 798 3969 θεωρήσαιμεν
822 3875 861 3952 άν
884 3882 946 3961 τὰς
968 3883 1080 3961 αἰτίας
1094 3887 1150 3950 καὶ
1165 3885 1246 3970 περὶ

80 3987 226 4055 πάντων
248 3989 315 4051 τῶν
336 3989 519 4072 γινομένων
540 3985 625 4053 κατὰ
646 3985 708 4065 τὰς
729 3985 875 4074 κινήσεις
896 3985 957 4062 τὰς
979 3984 1121 4052 τούτων·
1146 3985 1179 4052 ἓν
1196 3983 1247 4063 οἷς

172 4145 199 4207 1)
218 4139 259 4194 of.
278 4145 306 4193 et
323 4139 421 4195 Zelleri
436 4134 556 4195 ‘Histoe
575 4138 673 4208 philos.
693 4131 748 4196 Gr?
766 4138 835 4192 11⁸2
852 4155 880 4208 p.
895 4142 927 4193 st
945 4140 1002 4192 not.
1018 4143 1041 4190 2.

987 4225 1041 4276 23*
