3318 4970
497 392 539 448 De
556 393 663 462 legione
680 392 864 449 Romanorum
882 393 904 448 1.
923 393 1071 449 Adiutrice.
1314 393 1353 451 25

204 567 247 635 ad
263 566 446 632 Danuuium
462 572 494 633 et
509 567 653 633 Drauum
667 565 799 632 flumina
814 567 893 649 sitis,
918 586 1001 650 quae
1023 586 1080 653 per
1103 573 1201 634 totam
1216 573 1356 635 aetatem

206 669 444 753 imperatoriam
479 687 606 752 semper
639 668 790 736 dilectum
825 669 1037 751 legionarium
1070 676 1125 737 aut
1151 671 1355 738 auxiliarium

206 770 403 838 admiserunt
424 769 666 854 amplissimum.

289 873 383 952 Quod
417 872 547 956 quidem
582 892 653 939 oum
686 873 868 958 nuperrima
907 873 1192 940 Domaszeuuskius
1207 875 1227 952 ¹)
1255 895 1353 960 nega·

205 977 296 1058 uerit,
332 977 400 1042 eius
434 975 624 1042 sententiam
652 975 774 1042 reicere
803 995 910 1060 cogor,
945 977 1133 1058 praesertim
1164 995 1236 1042 cum
1264 978 1354 1044 aliud

206 1097 334 1164 quoque
363 1077 449 1144 baud
478 1084 566 1145 recte
596 1077 748 1145 definisse
774 1077 930 1144 uideatur.
974 1077 1069 1144 Putat
1098 1079 1181 1145 enim
1205 1079 1354 1164 Vespasi-

203 1201 309 1264 anum,
333 1201 404 1248 cum
427 1181 590 1248 ciuitatem
613 1181 766 1246 militibus
788 1181 925 1263 legionis
948 1180 988 1245 Il.
1012 1179 1187 1248 Adiutricis
1210 1183 1354 1250 colasse

206 1283 393 1349 Rauennate
416 1283 494 1350 ortis
517 1281 610 1350 daret
624 1317 664 1328 -
681 1303 764 1365 quae
787 1283 899 1349 classis
922 1283 1123 1349 ePannonIa
1145 1290 1177 1349 et
1192 1284 1355 1355 Delmatia

204 1385 412 1470 supplebatur
435 1385 550 1459 t'l'acit.
574 1383 647 1452 hist.
671 1385 718 1450 lli
742 1388 793 1460 12)
817 1419 855 1430 -
879 1385 975 1452 simul
996 1385 1155 1468 statuisse,
1179 1391 1214 1450 ut
1232 1385 1354 1470 oppido

203 1487 280 1553 iuris
296 1487 432 1552 Romani
455 1488 488 1552 in
504 1487 669 1553 Pannonia
690 1494 746 1553 aut
770 1487 932 1554 Delmatia
954 1488 1015 1553 sito
1038 1489 1162 1572 origine
1184 1495 1354 1568 uterentur,

203 1589 311 1672 itaque
334 1589 481 1656 omnibus
504 1589 677 1656 Pannoniis
693 1589 861 1656 Claudiam
877 1589 1058 1672 Savariam,
1082 1609 1166 1674 quae
1188 1597 1254 1656 tum
1277 1591 1353 1658 urbs

204 1690 333 1758 ciuitate
355 1692 502 1758 Romana
529 1698 642 1759 ornata
672 1712 735 1757 una
765 1693 796 1757 in
820 1692 986 1758 Pannonia
1014 1699 1108 1775 esset,
1142 1713 1200 1776 pro
1229 1695 1354 1777 origine

202 1792 391 1868 donavisse;
422 1813 516 1878 quam
546 1794 588 1860 ad
616 1794 773 1860 rationem
797 1795 917 1877 optime
940 1794 1109 1878 quadrare,
1139 1795 1225 1878 quod
1256 1797 1352 1862 etiam

202 1895 289 1978 cippi
320 1896 516 1978 sepulcrales
545 1897 681 1978 legionis
704 1895 728 1961 I.
751 1895 926 1963 Adiutricis
948 1897 1226 1980 Mogontiaoenses
1259 1899 1353 1966 (ilau-

203 1996 289 2063 diam
313 1995 481 2064 Savariam
499 1999 655 2082 originem
671 1997 869 2064 exhiberent.
907 1998 1021 2082 Neque
1044 2006 1151 2067 tamen
1174 2001 1352 2070 ullomodo

200 2098 269 2166 fieri
291 2118 396 2184 posse,
420 2105 454 2166 ut
475 2101 659 2184 prouincias
682 2101 881 2166 Pannoniam
904 2108 936 2167 et
951 2101 1145 2169 Delmatiam
1167 2103 1353 2170 Flauiorum

201 2202 398 2285 temporibus
431 2203 551 2286 legioni
580 2203 604 2267 l.
629 2203 787 2269 Adiutrici
817 2203 1011 2286 legionarios
1045 2205 1231 2288 praebuisse
1265 2208 1351 2289 quis·

203 2323 297 2386 quum
321 2304 503 2371 contendat.
535 2303 653 2372 Contra
668 2325 763 2388 quam
787 2309 977 2372 sententiam
1000 2306 1081 2374 haec
1104 2308 1242 2374 dicenda
1264 2316 1352 2376 sunt:

287 2407 410 2473 Primos
434 2406 564 2488 quidem
588 2407 715 2490 milites,
746 2425 764 2472 e
787 2407 902 2489 quibus
925 2408 1010 2490 legio
1033 2411 1214 2494 conscripta
1236 2416 1294 2494 est,
1317 2417 1352 2476 ut

201 2525 219 2572 e
253 2508 425 2574 classiariis
449 2508 683 2574 Misenensibns
705 2509 825 2575 accitos
836 2511 877 2592 ²),
906 2509 1048 2575 eiusdem
1079 2510 1211 2593 originis
1240 2512 1350 2594 fuisse,

201 2613 290 2679 cuius
306 2611 424 2676 milites
440 2610 552 2676 classis
567 2610 766 2693 Misenensis,
789 2630 847 2694 per
870 2631 905 2679 se
927 2617 1175 2679 consentaneum
1198 2619 1254 2680 est.
1285 2612 1352 2681 Sed

200 2713 287 2798 qnod
309 2713 534 2795 grauissimum
558 2718 615 2794 est,
638 2731 742 2795 neque
764 2713 812 2777 illi
836 2713 992 2780 classiarii
1015 2732 1119 2797 neque
1142 2715 1239 2797 primi
1256 2715 1349 2783 huius

199 2816 336 2898 legionis
354 2814 471 2880 milites
496 2834 536 2880 ex
560 2813 674 2880 eadem
691 2817 857 2897 prouincia
873 2815 984 2882 dilecti
1000 2824 1099 2900 erant,
1124 2837 1141 2884 e
1158 2837 1222 2901 qua
1237 2819 1350 2886 classis

198 2917 433 2983 Rauennatium
467 2917 584 2982 milites
617 2914 772 2984 babebat:
809 2919 895 2984 aliae
931 2920 1119 3002 prouinciae
1157 2921 1253 2986 classi
1288 2922 1349 2986 Ra-

198 3021 339 3102 uennati,
362 3019 447 3084 aliae
470 3019 565 3085 classi
588 3019 761 3087 Misenensi
789 3020 939 3088 dilectum
962 3021 1169 3088 admiserunt.
1214 3021 1286 3100 Qua
1309 3023 1350 3090 de

198 3140 233 3188 re
256 3141 327 3189 cum
350 3121 542 3204 ambigatur,
565 3141 606 3187 ne
628 3123 712 3188 ullus
734 3123 900 3208 scrupulus
922 3123 1073 3206 resideat,
1098 3123 1184 3190 haud
1207 3126 1347 3192 alienum

198 3244 269 3291 esse
291 3229 368 3306 puto
392 3221 546 3290 hocloco
570 3243 742 3308 exponere,
772 3243 790 3290 e
812 3223 1002 3308 quibusnam
1031 3225 1186 3293 militibus
1216 3234 1349 3311 utraque

198 3327 312 3393 classis
334 3326 498 3409 praetoria
520 3328 706 3393 constiterit.

284 3427 404 3494 Classis
426 3428 524 3511 igitur
540 3429 774 3495 Rauennatium
797 3431 941 3496 maxima
955 3450 1029 3513 pars
1044 3431 1181 3496 militum
1196 3450 1279 3496 anno
1296 3435 1346 3498 69.

197 3537 288 3596 erant
303 3529 460 3596 Pannonii
476 3535 508 3595 et
524 3529 728 3615 Delmatae3),
752 3532 806 3614 qui
830 3531 1040 3598 libentissime
1055 3531 1098 3598 ad
1115 3532 1348 3617 Vespasianum

196 3633 387 3714 transgressi
411 3649 482 3698 esse
505 3631 679 3716 traduntur,
709 3641 880 3718 propterea
909 3634 994 3717 quod
1026 3654 1136 3702 eorum
1159 3637 1283 3720 patriae
1306 3641 1347 3706 ab

286 3802 309 3864 1)
327 3797 399 3852 Mus.
418 3797 469 3852 Rh.
490 3801 531 3852 46.
550 3814 577 3866 p.
597 3802 646 3853 602
664 3800 737 3865 (adn.
756 3804 790 3867 3).
899 3829 902 3834 ·

282 3886 309 3950 2)
328 3881 363 3938 ci.
382 3896 466 3953 supra
482 3898 510 3951 p.
531 3887 562 3937 18
580 3887 608 3938 et
627 3887 667 3940 19.

282 3971 308 4034 3)
326 3967 361 4022 cl.
380 3966 468 4022 Tacit.
487 3967 551 4023 hist.
570 3968 611 4023 III
633 3975 676 4024 li:
697 3963 832 4024 ‘Lucilius
850 3970 953 4026 Bassus
972 3972 1066 4028 classis
1085 3973 1250 4029 Rauennatis
1267 3990 1347 4045 prae-

195 4055 286 4109 fectus
304 4052 444 4121 ambiguos
462 4053 576 4108 militum
594 4054 707 4121 animos,
727 4054 798 4124 quod
815 4070 914 4124 magna
931 4072 995 4127 pars
1008 4057 1149 4113 Delmatae
1161 4058 1348 4130 Pannoniique

195 4145 282 4205 erant,
303 4153 371 4208 quae
388 4139 543 4208 prouinciae
555 4139 724 4208 Vespasiano
737 4141 908 4209 tenebantur,
928 4143 1050 4213 partibus
1068 4143 1125 4200 eius
1138 4135 1346 4214 adgregaverat?
