3270 4968
465 371 506 426 De
523 371 646 428 ecdicum
664 372 861 430 Isocretcorum
877 375 1050 432 auctoritato.
1293 381 1332 439 19

182 544 325 612 antidosi
348 545 508 629 excerptis
524 545 718 629 singularem
735 549 922 615 memoriam
939 554 1112 633 sequantur
1132 551 1183 629 (cf.
1199 553 1334 622 alteram

182 644 277 714 hqus
300 646 534 716 dissertationis
562 652 709 734 partem),
738 651 844 718 simile
873 651 951 735 quid
980 653 1013 718 in
1042 651 1155 720 codice
1178 655 1333 724 Vaticano

181 751 363 834 exspectari
386 750 497 833 potuit.

268 850 333 918 Sed
362 853 395 917 in
425 850 486 918 hac
515 871 642 936 quoque
671 860 764 938 parto
794 854 899 921 codex
921 853 1093 922 Vaticanus
1121 876 1179 923 nos
1207 858 1332 943 fefellit,

180 953 258 1035 quia
286 953 319 1018 iu
349 954 489 1022 antidosi
518 960 640 1021 textum
671 955 792 1023 codicis
814 955 978 1023 Urbinatis
1007 957 1155 1024 iteratum
1188 961 1331 1044 praebet.

180 1052 275 1133 Quod
297 1056 405 1140 arguit
426 1062 555 1140 practer
576 1058 762 1141 generalem
786 1077 976 1125 consensum
998 1057 1088 1126 locus
1106 1061 1162 1127 ille
1178 1064 1331 1130 oratIonis

180 1156 257 1221 VIII
279 1160 297 1234 t
321 1159 415 1240 53s54
437 1160 470 1225 in
492 1160 633 1227 antidosi
655 1178 783 1243 quoque
806 1160 997 1246 duplicatus,
1027 1162 1079 1228 cui
1107 1165 1331 1231 auctoritatem

179 1259 304 1325 addunt
332 1260 396 1327 loci
425 1261 557 1345 quidam
586 1281 628 1328 ex
657 1262 776 1329 ultimIs
807 1262 915 1329 verbis
948 1271 1172 1348 excerptorum
1204 1267 1332 1334 illorum

179 1361 285 1446 petiti.
318 1361 448 1430 Codicis
461 1365 546 1430 enim
558 1363 705 1430 Vaticani
718 1365 770 1430 vel
787 1365 892 1449 potius
907 1363 1076 1452 archetypi
1088 1368 1157 1434 eius
1171 1367 1331 1452 librarius,

178 1463 234 1546 qui
256 1465 357 1532 verba
378 1472 456 1532 crat.
479 1467 511 1532 II
533 1469 552 1544 t
577 1471 625 1550 14,
649 1467 725 1533 VIII
747 1469 785 1544 §t
809 1470 848 1530 25
872 1473 904 1533 et
929 1469 999 1552 133,
1029 1469 1075 1535 IV
1098 1476 1116 1545 o·
1140 1473 1191 1552 51,
1214 1470 1331 1552 quibus

179 1566 358 1633 orationum
380 1575 488 1652 partes
510 1569 542 1634 in
565 1568 704 1636 antidosi
728 1571 845 1635 citatae
868 1569 1034 1654 inpriunt,
1058 1589 1100 1637 ex
1115 1571 1281 1638 Urbinatis
1298 1573 1330 1637 in

177 1667 317 1736 anIIdosi
340 1672 495 1738 memoria
517 1673 662 1758 sumpsit,
691 1673 724 1738 in
748 1679 826 1739 orat.
850 1673 882 1738 II
904 1675 922 1750 t
946 1675 985 1739 39
1010 1678 1042 1738 et
1065 1673 1141 1738 VIII
1163 1675 1181 1750 t
1205 1675 1245 1738 56
1269 1672 1331 1740 hcc

176 1770 265 1837 fonte
286 1773 433 1855 neglecto
463 1775 495 1839 in
523 1775 595 1859 ipso
619 1775 783 1842 Urbinatis
812 1781 902 1841 textu
931 1773 1145 1840 exscribendo
1175 1777 1329 1862 perrerdt,

177 1892 241 1956 quo
265 1871 345 1940 hacc
368 1874 585 1962 discrepante
607 1877 639 1941 in
663 1876 807 1944 codicem
832 1877 1020 1943 Vaticanum
1043 1877 1134 1943 illata
1157 1885 1221 1944 est:
1324 1915 1326 1924 ·

261 1975 366 2042 1139.
389 1975 541 2060 μεγάλων
565 1979 629 2044 IV:
651 1983 818 2060 μεγίστων
840 1983 871 2042 Γ
869 1977 917 2042 Aa
940 1981 994 2055 (=
1009 1980 1160 2056 ΛΠΘα).

263 2078 338 2144 VIII
354 2082 404 2144 56.
423 2072 505 2143 d'dv
521 2077 560 2143 τὸ
576 2085 607 2144 Γ
607 2083 640 2148 “r
664 2077 697 2145 δ’
708 2077 748 2146 άν
765 2105 806 2162 με
822 2078 860 2142 τὸ
877 2084 908 2143 Γ
904 2081 954 2144 Aa
969 2081 1024 2158 (=
1035 2081 1243 2161 ΛΠΘαΛα).
1278 2085 1328 2149 56.

174 2179 369 2264 πράγμασιν
392 2186 615 2267 γεγενημένας
637 2185 686 2247 pa
709 2190 762 2258 ίξ
778 2183 994 2260 ΛΠΘαΛαμ
1017 2180 1212 2264 πράγμασιν
1235 2182 1330 2267 ἐγγε-

173 2286 357 2368 γενημίνας
380 2289 411 2348 Γ
407 2285 467 2350 Λα.
511 2288 562 2352 56.
587 2284 863 2371 ἐπιχειρήσαιμεν
880 2289 910 2347 Γ
911 2285 929 2320 a
948 2289 1002 2360 (τε
1020 2285 1096 2360 dai:
1120 2281 1328 2370 ἐπιχειροίην

175 2387 252 2449 ΓΔα
274 2390 328 2463 (a
343 2388 504 2471 AIIAV);
534 2387 593 2454 sed
616 2391 712 2473 ροίην
743 2387 776 2453 in
803 2387 920 2454 lacuna
948 2407 969 2452 a
997 2405 1077 2452 corr.
1107 2388 1126 2448 2
1155 2386 1327 2471 postmodo

172 2486 330 2553 additum.

259 2589 331 2657 Hoc
359 2597 467 2658 amen
496 2593 611 2658 mirum
640 2599 698 2677 est,
733 2590 820 2677 quod
852 2590 952 2656 verba
981 2589 1135 2656 orationis
1157 2589 1188 2654 II
1211 2589 1327 2656 eadem

73 2776 76 2782 ¹
173 2693 298 2758 ratione
320 2694 353 2758 in
376 2694 506 2760 brevius
536 2701 709 2777 contracta,
743 2713 808 2778 qua
835 2712 877 2760 ox
905 2691 1018 2758 codice
1054 2691 1104 2755 Θα
1138 2692 1207 2759 solo
1236 2693 1326 2759 iuno·

172 2799 311 2878 tuerunt,
333 2795 366 2860 In
389 2796 511 2864 codicis
526 2797 674 2863 Vaticani
697 2796 839 2863 antidosi
861 2796 1020 2878 leguntur,
1044 2813 1114 2859 cum
1138 2793 1243 2861 codex
1266 2795 1325 2863 Ur·

172 2894 265 2962 binas
288 2895 382 2964 huius
406 2917 534 2981 quoque
555 2900 658 2983 partis
681 2897 808 2964 Initium
830 2903 953 2963 tantum
975 2900 1073 2978 atque
1091 2893 1188 2963 finem
1203 2897 1325 2964 indica·

172 2999 266 3062 verit.
311 2998 382 3078 Quo
416 2999 668 3068 demonstratum
703 3020 774 3068 osso
807 3006 896 3085 puto,
933 2998 1065 3064 librario
1098 2998 1147 3062 illi
1180 2995 1326 3065 codicem

82 3144 84 3147 -
172 3098 334 3182 quendam
368 3103 521 3185 vulgatae
557 3105 733 3170 memorIae
766 3109 895 3188 praesto
929 3100 1045 3182 fuisse,
1084 3118 1179 3182 quem
1213 3101 1324 3183 paucis

171 3200 364 3270 lectionibus
387 3206 543 3289 exceptis,
572 3226 651 3291 quas
674 3207 757 3272 infra
779 3202 1047 3284 commemorabo,
1078 3199 1139 3267 hoc
1160 3202 1230 3267 solo
1252 3201 1324 3268 Ioco

172 3305 407 3386 cognoscimus.
452 3307 585 3375 Duobus
623 3314 731 3374 autem
764 3307 845 3374 locis
876 3306 1027 3371 librarius
1061 3301 1146 3369 hunc
1179 3301 1324 3369 codicem

171 3407 276 3473 minus
298 3414 447 3475 accurate
475 3411 629 3495 respexit,
660 3431 731 3477 cum
758 3410 792 3475 in
813 3413 832 3486 §
854 3412 896 3473 24
925 3407 1033 3490 Inepte
1061 3403 1197 3471 adderet
1224 3405 1326 3470 verba

171 3527 203 3591 q.
226 3527 268 3574 s.:
302 3505 410 3587 οὕτως
440 3506 551 3592 ὁμίλει
578 3517 645 3577 τῶν
668 3509 803 3577 πόλεων
825 3509 913 3594 πρὸς
936 3504 997 3584 τάς
1022 3503 1142 3590 ἥττους
1164 3511 1260 3588 atque
1290 3505 1323 3571 in

170 3612 253 3686 §29
287 3609 370 3679 haeo
403 3613 504 3681 verba
531 3615 564 3681 in
595 3614 645 3679 Θα
676 3615 809 3682 omissa:
839 3610 1008 3697 μηδεμίαν
1040 3609 1218 3673 συνουσίαν
1248 3604 1325 3694 εἰκῇ

170 3711 362 3795 προσδέχου
385 3715 471 3798 μηδὲ
495 3709 691 3799 ἀλογίστως,
715 3711 783 3779 att
808 3716 969 3782 retineret.

257 3813 349 3894 Quae
372 3837 444 3884 cum
467 3819 513 3885 ita
534 3821 607 3901 sint,
630 3820 791 3886 neminem
815 3822 926 3885 contra
948 3834 1000 3882 me
1023 3819 1237 3898 pugnaturum
1251 3831 1323 3880 esse

169 3921 259 4000 puto,
291 3920 319 3985 si
343 3919 487 3986 codicem
512 3921 702 3988 Vaticanum
725 3925 756 3984 Δ
777 3939 818 3986 ex
846 3936 980 3984 numero
1010 3917 1137 3982 illorum
1165 3913 1322 4000 codicum,

169 4019 227 4101 qui
260 4019 303 4085 ad
332 4022 566 4090 Isocratearum
600 4027 779 4092 orationum
811 4019 912 4087 verba
946 4015 1170 4086 constituenda
1203 4017 1321 4100 valent,

170 4118 344 4188 delendum
367 4143 438 4192 esse
465 4124 606 4194 declaro.
652 4127 800 4194 Studium
830 4121 936 4206 Igitur,
967 4120 1055 4204 quod
1084 4122 1117 4186 iu
1131 4137 1218 4274 2⁰:¹³¹
1248 4139 1322 4186 con·
