3134 4986
318 382 382 444 376
769 379 896 450 Eduarus
913 377 1026 434 Martini

404 555 523 622 Verum
552 553 787 638 aliquantisper
816 553 856 618 in‘
877 551 971 620 titulo
994 550 1208 619 Geminianae
1233 551 1412 635 scripturae
1434 552 1475 618 ab
1557 541 1558 550 ’

316 656 506 726 Alexandro
534 654 753 740 Aphrodisieo
787 653 993 740 suppeditato
1024 671 1267 720 commoremur.
1318 652 1477 718 Pertinuit

318 761 417 844 igitur
438 757 567 825 Gemini
595 756 843 822 commentarius
870 753 1048 822 secundum
1069 753 1291 822 Alexandrum
1320 753 1365 820 ad
1387 753 1476 820 Posi-

318 860 409 927 donii
430 853 721 942 Μετεωρολογικά.
763 856 808 924 At
835 855 889 923 bic
917 857 1048 923 omnino
1070 876 1135 922 non
1157 855 1339 940 composuit
1360 855 1478 920 librum

318 961 376 1046 qui
397 961 454 1027 tali
477 961 686 1045 inscriptione
708 965 839 1026 omatus
854 963 933 1024 crat.
966 956 1120 1041 Sequitur
1133 963 1170 1022 ut
1184 963 1241 1024 aut
1254 955 1478 1022 Alexandrum

318 1065 353 1130 in
375 1061 553 1129 adserendo
574 1061 668 1128 titulo
691 1060 801 1144 paullo
815 1060 1040 1144 neglegentius
1055 1064 1219 1126 versatum
1234 1049 1307 1126 esse
1322 1057 1478 1124 ducamus

318 1171 374 1233 aut
392 1163 563 1230 Geminum
584 1164 690 1248 ipsum
711 1182 826 1247 parum
848 1161 1002 1228 adcurate
1025 1159 1226 1244 significasse
1246 1158 1291 1226 ad
1313 1159 1479 1243 quodnam

318 1265 532 1351 Apameeusis
547 1284 628 1349 opus
644 1264 891 1332 commentarius
905 1260 1095 1350 referendus
1111 1267 1206 1328 esset.
1229 1259 1359 1346 Quippe
1371 1260 1478 1327 Gemi·

317 1388 379 1436 nus
401 1375 436 1434 ut
457 1387 555 1452 quam
569 1366 753 1433 Priscianus
774 1364 881 1432 adfert
902 1364 1147 1448 inscriptionem
1168 1363 1280 1430 libello
1304 1381 1364 1430 suo
1387 1381 1478 1446 prac-

318 1470 418 1554 figere
446 1490 511 1537 nou
539 1469 644 1553 potuit
664 1503 707 1514 -
727 1467 873 1550 alioquin
898 1486 920 1533 a
940 1485 976 1534 se
998 1464 1166 1533 Posidonii
1188 1465 1398 1550 scriptionem
1417 1457 1479 1529 ‘Do

320 1561 484 1640 meteoris'
518 1576 700 1637 enarratam
728 1569 928 1636 simulasset:
957 1569 1031 1635 talis
1060 1572 1169 1633 autem
1188 1566 1314 1633 fraudis
1336 1567 1479 1648 suspicio

319 1677 353 1742 iu
382 1693 454 1740 enm
485 1692 549 1740 non
579 1671 667 1738 cadit
698 1706 758 1754 —,
786 1672 832 1736 ita
862 1670 968 1755 potnit
999 1669 1145 1736 libellum
1178 1688 1270 1736 suum
1303 1669 1478 1734 inscribere

315 1767 503 1862 Ἓξήγησις
525 1774 591 1837 τῶν
609 1770 843 1838 Ποσειδωνίου
858 1761 1193 1855 Μετεωρολογικών’.
1230 1769 1346 1854 Neque
1368 1789 1478 1837 veren—
1557 1829 1558 1866 ,

319 1879 397 1946 dum
410 1883 480 1944 erat
493 1896 534 1943 ne
549 1895 645 1959 quem
659 1877 693 1940 in
708 1893 849 1942 errorem
864 1873 1046 1940 induceret:
1062 1873 1181 1940 etenim
1196 1893 1269 1940 cum
1284 1871 1478 1939 Posidonius

320 1981 437 2046 librum
452 1978 661 2061 inscriptione
672 1965 989 2059 ‘Messapoloyoad’
1007 1962 1190 2059 praeditum
1201 1995 1266 2042 non
1276 1975 1478 2055 coniecisset,

321 2081 428 2165 quivis
450 2079 558 2146 statim
581 2079 771 2161 intellegere
790 2078 931 2144 debebat
946 2078 1007 2144 isto
1023 2077 1183 2144 vocabulo
1198 2097 1263 2143 non
1277 2077 1409 2142 titulum
1424 2075 1478 2142 sed

319 2187 542 2265 argumentum
565 2179 720 2264 explicati
742 2180 818 2246 libri
840 2179 996 2246 denotari.
1030 2179 1116 2248 Hinc
1134 2178 1285 2262 equidem
1300 2179 1373 2244 veri
1388 2178 1478 2246 dissi-

319 2286 396 2352 mile
418 2301 491 2351 esse
512 2302 577 2349 non
598 2287 676 2365 puto
692 2301 789 2365 quem
803 2280 991 2348 Alexander
1012 2280 1160 2348 exhibuit
1178 2281 1282 2347 libelli
1296 2280 1479 2348 Geminiani

320 2387 461 2454 indicem
482 2404 595 2452 verum
617 2403 699 2452 esse.
736 2385 860 2450 'lamen
882 2383 910 2450 si
933 2383 1006 2467 quis
1027 2383 1119 2448 illum
1138 2373 1323 2468 ωΙίξὴγησις
1337 2384 1400 2469 τῆς
1415 2387 1478 2448 Πο-

320 2486 495 2556 σειδωνίου
514 2485 814 2572 Μετεωρολογικῆς
836 2475 1093 2565 στοιχειώσεως’
1117 2484 1271 2552 adcurate
1292 2486 1480 2570 inscriptum

318 2588 418 2658 fuisse
440 2589 623 2671 contendat,
644 2589 777 2656 minimo
799 2608 861 2672 ego
884 2586 1016 2672 quidem
1039 2587 1174 2654 obnitor.

406 2691 475 2758 Iam
498 2692 660 2774 epitomae
675 2689 859 2756 Geminiani
879 2682 1088 2756 ‘Commenti'
1112 2690 1219 2755 locum
1235 2689 1278 2755 ab
1293 2687 1479 2756 Alexandro

321 2795 529 2878 exscriptum,
551 2793 594 2858 ab
610 2790 781 2874 Simplicio
796 2791 889 2858 nobis
905 2797 1067 2858 servatum
1082 2789 1270 2875 diligentius
1285 2793 1479 2876 contemple-

319 2917 406 2982 mur,
435 2896 463 2962 si
491 2893 572 2977 quid
597 2892 675 2959 inde
702 2893 746 2958 ad
778 2891 1017 2959 adcuratiorem
1046 2892 1269 2959 commentarii
1296 2891 1480 2960 Geminiani
1556 2895 1557 2902 ’

320 2998 537 3083 cognitionem
552 2994 736 3062 redundare
751 2993 911 3060 videatur.
943 2993 1126 3077 Antequam
1141 3013 1219 3060 voro
1234 2993 1277 3060 de
1290 3002 1479 3079 argumento

319 3107 455 3168 uacum
483 3097 585 3164 verba
614 3097 750 3178 faciam,
780 3095 949 3180 scrupulus
978 3095 1111 3179 quidam
1133 3095 1252 3164 Blassii
1281 3097 1479 3164 amovendus

321 3208 380 3270 cst
412 3199 477 3279 Qui
491 3199 542 3264 vir
561 3197 766 3264 doctissimus
782 3218 888 3282 progr.
904 3199 926 3264 l.
938 3217 970 3282 p.
983 3199 1003 3263 8
1018 3199 1067 3266 sic
1080 3197 1239 3282 disputat:
1267 3195 1479 3284 [Simplicius]

317 3297 420 3388 ‘apud
434 3299 655 3368 Alexandrum
669 3298 956 3383 Aphrodisiensem
978 3319 996 3368 e
1019 3319 1083 3384 quo
1098 3306 1201 3366 totum
1215 3299 1277 3367 hoc
1291 3299 1481 3385 desumpsit,

320 3403 465 3492 proiecto
494 3422 559 3468 non
588 3402 770 3468 invenerat:
799 3397 817 3465 ὁ
842 3405 873 3466 Γ
870 3398 984 3484 έμινός
1013 3421 1099 3488 φησι
1128 3397 1162 3466 ἐν
1190 3409 1233 3488 τῇ
1255 3397 1404 3489 ἐπιτομῇ
1426 3411 1482 3490 τῆς

320 3514 387 3572 τῶν
420 3501 653 3570 Ποσειδωνίου
687 3502 993 3587 Μετεωρολογικῶν
1026 3501 1226 3593 ἐξηγήσεως,
1261 3524 1327 3588 qua
1357 3507 1483 3572 ratione

320 3608 464 3676 Dielsius
488 3606 700 3690 Simpliciano
727 3607 828 3672 verba
855 3605 899 3672 ad
920 3607 1138 3692 integritatem
1159 3606 1406 3690 grammaticam
1430 3627 1482 3674 ex·

320 3710 405 3795 pleri
426 3726 523 3792 posse
545 3709 687 3792 putavit:
709 3709 789 3774 talia
810 3709 896 3774 enim
918 3710 947 3775 si
962 3709 1148 3793 invenisset,
1170 3727 1345 3792 numquam
1362 3709 1397 3776 in
1413 3730 1482 3776 eam

322 3811 507 3895 opinionem
529 3809 678 3876 inductus
701 3816 787 3876 osset
807 3816 843 3874 ut
857 3809 1067 3877 Posidonium
1089 3811 1195 3895 ipsum
1217 3809 1307 3893 loqui
1326 3811 1481 3878 crederet

321 3914 373 3980 An
395 3932 473 3980 vcro
496 3910 539 3977 de
560 3911 758 3996 Alexandro,
782 3911 838 3994 qui
860 3911 893 3977 in
908 3912 1117 3978 Aristotelem
1138 3913 1387 3980 commentarios
1411 3933 1481 3980 cou-
1555 3953 1556 3974 ι

322 4015 468 4098 scripsit,
498 4015 553 4078 vel
575 4012 762 4098 Simplicius
791 4013 846 4078 vel
875 4013 959 4082 alins
988 4015 1159 4098 quisquam
1187 4013 1273 4080 huuc
1294 4015 1327 4080 in
1350 4015 1481 4082 modum

322 4117 411 4201 loqui
433 4115 551 4198 potuit,
574 4135 647 4182 cum
670 4114 771 4181 verba
793 4133 836 4180 ex
858 4114 906 4180 eis
928 4116 1166 4182 commentariis
1188 4115 1365 4184 attulisset:
1395 4106 1480 4182 οὕτω
