3318 4970
337 403 376 463 18
754 403 896 471 Augustus
913 401 1066 458 dduemann

337 577 548 645 ministranda
571 577 719 661 vestigiis
735 577 804 643 eius
819 576 1036 656 ingressurum
1053 591 1124 640 esse
1139 575 1258 642 milites
1273 576 1489 657 sperabant¹);

338 681 452 750 eadem
475 681 635 747 sententia
663 679 823 762 legionem
851 696 979 761 quoquo
1001 677 1200 744 Adiutricem
1229 678 1328 746 fuisse
1349 682 1419 746 ueri
1442 689 1492 752 est

302 801 307 810 ·
339 783 548 851 simillimum.
591 783 661 848 Iam
689 785 767 849 'vero
789 779 924 859 Galbae,
954 780 1040 863 quod
1068 799 1191 846 summa
1219 782 1409 852 crudelitate
1434 788 1491 854 ad·

338 905 451 953 uersus
485 885 718 951 commilitones
751 883 928 964 saevierat,
963 882 1080 948 milltes
1113 883 1251 966 legionis
1283 884 1492 956 vehementer

342 987 562 1055 suscensuisse
596 991 729 1054 constat.
775 983 991 1064 Quamobrem
1024 983 1106 1052 baec
1138 986 1234 1070 legio,
1267 1006 1351 1070 quae
1383 991 1425 1056 ob
1457 991 1492 1058 id

339 1091 456 1174 ipsum,
489 1086 576 1172 qnod
605 1108 625 1154 a
653 1088 781 1155 Nerone
815 1088 996 1169 conscripta
1029 1094 1107 1170 erat,
1140 1088 1209 1155 eius
1239 1089 1491 1160 familiarissimo

339 1192 443 1276 magis
465 1190 596 1258 fauebat
618 1209 714 1275 quam
730 1190 863 1266 Galbae,
887 1209 951 1256 nna
974 1209 1047 1256 cum
1068 1191 1281 1274 praetorianis
1304 1192 1424 1261 defecit
1443 1201 1491 1261 at-

339 1313 401 1377 que
423 1295 458 1358 in
480 1291 616 1360 Othonis
638 1299 747 1377 partes
777 1292 914 1374 transiit,
943 1292 995 1358 cui
1023 1311 1151 1377 semper
1179 1291 1277 1359 iidem
1306 1298 1493 1378 praestabat

339 1402 371 1463 et
392 1396 425 1461 in
448 1395 533 1462 omni
554 1395 683 1461 fortuna
704 1414 811 1462 eomes
834 1401 911 1461 erat

423 1495 514 1564 Haec
529 1497 637 1564 omnia
650 1497 873 1582 reputantibus
888 1496 981 1563 nobis
996 1495 1030 1562 id
1046 1497 1286 1564 concedendum
1302 1505 1351 1566 est
1361 1509 1493 1584 propter

339 1617 395 1666 eas
416 1617 478 1683 res,
502 1616 585 1681 quae
607 1599 706 1683 paulo
728 1605 802 1664 ante
818 1598 944 1682 Galbae
959 1599 1121 1666 interitum
1143 1605 1176 1666 et
1197 1605 1271 1684 post
1285 1607 1405 1684 gestae,
1418 1605 1492 1687 sint,

338 1701 427 1768 nullo
450 1698 547 1766 modo
569 1698 708 1766 Galbam
737 1698 831 1766 huius
861 1701 999 1783 legionis
1028 1700 1226 1768 conditorem
1251 1701 1364 1770 baberi
1385 1724 1491 1788 posse.

340 1801 557 1881 Quamobrem
581 1807 710 1867 maneat
732 1798 812 1867 illud
835 1808 933 1886 atque
955 1800 1054 1867 fixum
1077 1802 1119 1868 sit
1133 1803 1294 1887 legionem
1310 1804 1334 1870 Ι.
1351 1805 1492 1872 Adiutri-

340 1923 410 1971 cem
432 1923 516 1970 auno
540 1905 591 1968 68.
614 1923 635 1968 a
657 1902 816 1970 Nerone
840 1921 912 1969 esse
935 1903 1149 1970 constitutam.

407 2004 610 2071 'Proximum
633 2012 692 2088 est,
714 2011 749 2071 ut
764 2003 908 2088 doceam,
931 2025 973 2072 ex
995 2025 1060 2089 qua
1081 2005 1184 2072 classe
1198 2005 1285 2074 Nero
1308 2007 1391 2076 hano
1412 2010 1493 2093 legi-

339 2126 434 2174 onem
465 2107 631 2175 oreauerit.
677 2104 781 2185 Quam
811 2108 1042 2190 quaestionem,
1076 2126 1149 2174 cum
1179 2108 1311 2177 minoris
1340 2113 1494 2178 momenti

339 2228 410 2276 esse
439 2208 605 2288 videatur,
635 2209 747 2292 paucis
776 2209 954 2274 absolvam.
1000 2209 1127 2275 Etenim
1157 2229 1230 2276 curn
1260 2209 1344 2278 duae
1373 2214 1493 2280 classes

339 2311 538 2395 praetoriae,
569 2309 799 2377 Misenensium
833 2316 865 2376 et
894 2310 1129 2377 Rauennatium
1163 2319 1285 2396 essent,
1320 2317 1493 2400 quaeritur,

339 2432 380 2480 ex
403 2418 474 2479 utra
496 2410 679 2478 classiarios
694 2409 781 2476 Nero
803 2409 846 2476 ad
868 2410 1030 2492 legionem
1053 2413 1309 2480 constituendam
1325 2418 1491 2482 excitarit.

339 2514 383 2582 Ut
405 2532 517 2580 varum
540 2531 699 2596 eruamus,
722 2512 884 2595 legionem
900 2511 924 2576 I.
942 2517 974 2577 et
988 2510 1029 2577 ΙΙ.
1045 2512 1228 2580 Adiutrioes
1252 2515 1334 2581 inter
1356 2535 1391 2582 se
1407 2535 1492 2582 com·

338 2634 453 2699 parare
481 2616 616 2696 licead),
645 2633 718 2680 cnm
740 2613 872 2680 Tacitus
894 2631 1024 2698 semper
1051 2614 1085 2678 in
1110 2615 1296 2684 uniuersum
1318 2616 1359 2683 de
1389 2619 1493 2685 classe

338 2719 495 2800 loquatur.
539 2716 715 2798 Legionem
737 2714 868 2798 quidem
889 2715 931 2780 ΙΙ.
947 2714 1145 2782 adiutricem
1167 2723 1312 2784 extremo
1334 2738 1418 2785 anno
1442 2722 1493 2786 69.

339 2838 357 2884 e
372 2819 516 2885 classicis
532 2816 774 2883 Rauennatibus
789 2817 1002 2901 conscriptam
1018 2836 1089 2884 esse
1104 2818 1236 2885 Tacitus
1252 2824 1385 2886 testatur
1407 2820 1492 2899 (hist.

338 2919 386 2985 Ill
410 2923 462 2998 50)
486 2918 536 2986 his
564 2919 689 2986 uerbis:
720 2911 776 2984 ‘ad
800 2917 858 2985 bas
886 2919 998 3002 copias
1028 2938 1046 2985 e
1075 2919 1218 2986 classicis
1242 2921 1493 3005 Rauennatibus,

340 3021 614 3105 legionariam
646 3019 837 3087 militiam
870 3021 1155 3106 poscentibus,
1191 3023 1330 3105 optimus
1358 3025 1494 3107 quisque

338 3122 470 3190 adsciti:
486 3123 622 3190 classem
640 3122 808 3189 Delmatae
824 3115 1035 3206 suppleuere?
1069 3120 1140 3200 Quo
1155 3122 1227 3189 loco
1243 3123 1277 3189 id
1292 3125 1494 3207 potissimum

338 3225 510 3310 plurimum
527 3225 624 3307 ualet,
648 3222 735 3307 quod
749 3221 987 3290 honoratiorem
1002 3224 1148 3290 militiam
1165 3225 1323 3292 classiarii
1340 3225 1493 3310 efflagita·

338 3333 461 3408 uerunt,
484 3325 577 3410 quasi
591 3326 784 3410 promissum
799 3323 974 3407 aliquando
991 3326 1037 3392 eis
1053 3333 1138 3392 esset
1151 3333 1207 3392 ant
1221 3326 1267 3412 id,
1283 3328 1369 3411 quod
1385 3329 1494 3395 classi·

339 3428 385 3494 cis
406 3427 640 3494 Misenensibus
663 3427 848 3493 attributum
873 3434 974 3510 esset,
1005 3427 1051 3493 cis
1074 3426 1245 3495 detrectari
1267 3449 1330 3495 non
1353 3429 1494 3497 deberet.

428 3629 451 3690 ll
470 3625 505 3681 cl.
519 3625 607 3682 Tacit.
620 3625 684 3682 hlst.
697 3627 725 3681 11
739 3631 784 3683 11:
804 3668 811 3684 .
825 3669 832 3682 .
847 3622 905 3682 .‘et
916 3626 1058 3696 praecipui
1069 3628 1142 3682 fama
1154 3629 1396 3696 quartadecumani
1407 3628 1495 3684 rebel·

343 3713 415 3769 lione
432 3711 590 3766 Britanniae
612 3725 777 3780 compressa.
813 3711 963 3767 Addiderat
979 3711 1093 3780 gloriam
1114 3711 1187 3768 Nero
1212 3712 1333 3782 eligendo
1358 3721 1388 3768 ut
1408 3715 1495 3782 potis·

344 3797 436 3862 simos,
449 3795 716 3864 undelongaillis
733 3795 985 3864 ergaNeronem
997 3795 1087 3852 fides
1105 3803 1136 3850 et
1153 3803 1271 3852 erecta
1287 3798 1321 3853 in
1333 3798 1495 3854 Othonem

340 3873 474 3938 studia.²
500 3879 540 3937 Id.
553 3880 617 3936 hist.
631 3879 714 3936 1125:
732 3877 839 3947 ‘Erant
858 3896 925 3949 quos
944 3881 1102 3937 memoria
1120 3881 1272 3937 Neronis
1290 3882 1496 3939 acdesiderium

341 3967 439 4036 prioris
456 3965 584 4021 licentiae
602 3959 782 4022 accenderet?

426 4055 452 4117 2)
470 4051 512 4106 De
528 4058 645 4122 utraque
663 4051 767 4122 legione
786 4051 926 4106 Adiutrice
950 4051 1019 4106 idem
1037 4051 1127 4108 ualere
1148 4053 1306 4108 accuratius
1323 4051 1395 4107 infra
1413 4070 1440 4122 p,
1455 4055 1495 4108 21.

342 4137 529 4194 demonstravi.
