3170 4984
240 343 283 399 De
300 343 425 400 lontibus
442 343 567 416 Dionysii
583 344 835 404 Halicarnassensis
854 349 1028 419 quaestiones
1045 351 1144 407 umiae
1210 352 1274 410 259

118 516 207 584 simis
222 523 309 585 certe
324 517 495 585 annalibus
510 517 664 585 nuditum
686 521 786 587 inisse
801 521 875 589 aliis
898 521 939 587 ll.
956 522 1168 591 Valerium
1189 546 1274 593 anno

117 621 291 700 2581496
320 623 354 688 in
382 643 493 708 pugna
512 621 694 704 Regillensi
716 623 857 690 necisum
881 643 969 710 esse,
999 625 1073 692 aliis
1095 627 1137 692 ll.
1155 625 1275 693 Vale·

115 723 216 788 rium
230 743 315 790 anno
331 724 506 804 2601494
521 723 681 791 dictatura
695 724 838 792 iunctum
861 745 943 793 esse.
981 728 1088 810 Atque
1110 748 1186 794 num
1209 729 1275 794 iam

115 832 182 891 tum
204 827 313 892 nescio
337 826 408 910 quis
431 827 606 909 exstiterit,
635 827 690 910 qui
720 827 800 894 satis
825 828 1002 912 neglegens
1032 828 1091 895 has
1119 828 1199 897 duas
1222 849 1275 897 res

114 932 227 993 neutra
249 933 372 994 mutata
394 929 613 1012 coniungeret,
634 934 671 994 ut
685 928 832 996 diversos
847 935 996 996 auctores
1018 938 1147 998 secutus
1162 931 1275 999 Livius

112 1029 199 1112 lecit,
221 1049 287 1096 non
301 1049 433 1114 quaero.
469 1029 556 1096 Illud
570 1035 680 1096 autem
694 1029 792 1097 video
808 1030 872 1099 duo
888 1031 1044 1115 remedia,
1059 1033 1177 1116 quibus
1192 1032 1275 1100 haee

113 1130 333 1217 discrepantia
355 1133 623 1216 exstingueretur,
645 1131 795 1198 adhibita
810 1151 892 1198 esse.
928 1133 1017 1201 Inter
1039 1154 1123 1218 quae
1145 1141 1179 1200 et
1199 1134 1274 1201 sim·

110 1234 258 1318 plicitate
281 1241 372 1300 etex
393 1235 559 1300 annalium
573 1234 765 1319 scriptorum
780 1235 1013 1302 consuetudine
1029 1271 1070 1282 -
1086 1256 1161 1301 nam
1177 1236 1275 1302 etiam

110 1335 194 1402 alias
217 1335 341 1403 similes
363 1335 571 1404 difficultates
594 1336 761 1402 simillima
782 1338 908 1404 ratione
929 1338 980 1402 illi
996 1338 1217 1421 expediebant
1231 1373 1275 1384 -

111 1437 252 1504 maxime
273 1439 308 1504 in
330 1446 482 1524 promptu
496 1439 597 1504 fuisse
613 1439 817 1521 cognoscitur
832 1440 979 1522 alterum,
1002 1458 1066 1522 quo
1088 1439 1122 1504 in
1137 1436 1183 1504 Μ.
1201 1437 1274 1504 Va«

109 1539 207 1606 lerii
231 1539 452 1608 dictatoris
475 1541 566 1608 loeo
588 1541 750 1603 Munius
772 1541 917 1625 irater,
942 1541 1107 1607 etiamsi
1130 1540 1177 1607 de
1200 1538 1275 1606 hoc

108 1662 308 1726 nusquam
330 1644 549 1728 quidquam
571 1643 912 1726 traditumesset,
935 1643 1185 1710 substitutus
1202 1649 1273 1710 est

194 1743 264 1811 Sed
286 1746 384 1812 etiam
406 1746 473 1812 alia
495 1765 531 1812 re
552 1747 600 1814 sie
614 1747 754 1829 primurn
775 1743 928 1811 traditam
949 1747 1138 1812 memoriam
1159 1746 1274 1811 immu-

108 1852 209 1912 tatam
233 1866 305 1914 esse
326 1848 490 1931 probatur.
534 1847 567 1914 Is
590 1848 692 1932 enim,
721 1849 791 1931 qui
813 1846 1013 1932 deinceps
1041 1867 1146 1914 novo
1169 1867 1273 1913 eom·

108 1954 243 2015 mento
266 1948 486 2017 historiam
509 1952 749 2033 exornavit,
772 1949 966 2016 Valerius
988 1950 1136 2015 Antias
1159 1947 1272 2014 vide·

107 2055 171 2116 tur
194 2052 341 2118 fuisse.
379 2050 542 2136 Scriptum
558 2053 615 2119 ille
630 2053 781 2119 nimirum
796 2051 921 2118 invenit
936 2052 969 2116 in
984 2052 1058 2117 aliis
1081 2051 1173 2117 libris
1188 2069 1272 2117 anno

107 2154 248 2234 2641494
263 2153 438 2220 Marcum
454 2153 630 2237 Valerium,
652 2155 687 2220 in
708 2154 784 2221 aliis
798 2153 975 2219 Manium
999 2153 1190 2220 dictatorem
1205 2152 1272 2219 dic·

106 2259 174 2320 tum
190 2276 274 2322 esse.
308 2257 359 2320 lix
375 2256 501 2323 dnobus
515 2263 623 2322 autem
640 2253 690 2321 his
706 2255 918 2321 dictatoribus
931 2253 1062 2321 Valeria
1076 2260 1172 2338 gente
1187 2256 1272 2320 uatis

105 2375 178 2421 eum
201 2363 351 2423 neutrum
378 2357 542 2423 dimittere
564 2357 680 2439 vellet,
709 2377 795 2422 anno
819 2355 957 2436 2601494
979 2355 1151 2422 Marcum
1176 2356 1270 2421 Vale·

104 2458 188 2522 rium
211 2459 354 2526 restituit
375 2459 583 2540 dictatorem,
606 2459 781 2524 Manium
804 2464 927 2542 autern,
957 2464 992 2522 ut
1013 2457 1155 2522 oblatam
1178 2477 1270 2524 occa·

104 2559 231 2626 sionem
248 2560 450 2628 Valeriorum
473 2562 598 2646 gloriae
612 2560 784 2644 augendae
799 2566 933 2643 teneret,
956 2560 1124 2644 primum
1146 2559 1270 2626 liberae

103 2662 151 2727 rei
173 2663 329 2746 publicae
351 2662 543 2732 dictatorem
565 2664 665 2731 luisse
688 2663 767 2730 satis
789 2662 995 2748 impudenter
1016 2663 1168 2728 mentitus
1185 2661 1269 2736 est.¹)

102 2764 211 2848 Atque
228 2767 326 2832 simul
342 2765 426 2832 hune
441 2787 506 2832 non
521 2766 710 2832 Publicolae
725 2767 867 2849 fratrem,
889 2763 948 2832 sed
962 2765 1153 2848 patruelem,
1167 2763 1270 2831 Marci

101 2865 215 2952 filium,
242 2868 353 2934 Volesi
375 2875 527 2951 nepotem
550 2869 650 2935 fuisse
668 2868 815 2941 domiti)
854 2866 898 2934 Ut
919 2874 1028 2933 autem
1041 2867 1152 2933 Marco
1167 2867 1268 2933 dieta·

102 2975 175 3034 tura
197 2971 277 3036 anni
293 2972 431 3045 2601494
453 2969 548 3036 reddi
569 2976 689 3054 posset,
712 2989 796 3034 anno
819 2967 956 3049 2581496
979 2970 1012 3034 in
1034 2989 1145 3054 pugna
1159 2969 1268 3052 Regil-

103 3071 187 3139 lensi
210 3071 301 3138 idem
322 3071 502 3139 servandus
519 3079 596 3138 erat.
634 3072 719 3139 Eece
741 3091 829 3138 nova
851 3073 979 3139 occasio
996 3072 1142 3138 Valerios
1166 3071 1268 3137 extol·

102 3172 204 3256 lendi,
226 3192 292 3257 qua
306 3181 437 3257 arrepta
450 3175 565 3241 Antias
580 3175 654 3241 illos
668 3174 893 3241 adulescentes
909 3174 1060 3240 Publium
1077 3180 1109 3240 et
1124 3173 1269 3240 Marcum

103 3275 227 3342 eximia
249 3275 439 3342 fertitudine
462 3283 643 3360 pugnantes
665 3277 791 3360 proelio
813 3276 992 3358 Regillensi
1015 3277 1201 3344 inculcavit.

188 3377 261 3444 Iam
289 3397 368 3444 vero
396 3377 499 3445 hanc
528 3379 713 3445 Antiatis
744 3379 978 3444 memoriam
1011 3397 1060 3444 ex
1085 3377 1269 3443 diversis

101 3481 316 3547 confusam
349 3482 495 3547 iterum
529 3501 614 3547 cum
646 3479 886 3563 antiquiore
920 3478 1093 3562 quadam
1129 3497 1269 3544 narra·

101 3580 234 3666 tione,
252 3601 316 3665 qua
330 3582 488 3649 Manius
503 3584 580 3649 anni
595 3583 732 3662 2661494
749 3581 887 3647 dictator
900 3581 1001 3648 fuisse
1016 3581 1189 3663 terebatur,
1201 3581 1222 3646 i.
1239 3599 1267 3646 e.

101 3703 175 3749 cum
187 3683 305 3750 eadem
317 3685 464 3767 fortasse,
477 3703 573 3767 quam
583 3685 698 3751 Antias
713 3684 880 3764 reiecerat,
897 3682 1137 3749 confodisse
1153 3681 1267 3748 vide·

101 3791 166 3850 tur
199 3793 345 3853 auctor
371 3785 608 3869 Dionysiii)
663 3785 748 3851 Nam
782 3785 936 3868 queniam
964 3784 1128 3864 Antiatem
1158 3783 1267 3851 Marco

189 3940 216 4002 ι)
234 3933 276 3989 cr.
293 3935 352 3991 mv.
370 3934 399 3990 11
419 3939 459 4002 rs,
473 3939 503 4006 e;
519 3931 596 3990 rost.
614 3950 641 4004 p.
662 3937 719 3990 rae.
766 3982 768 3986 .

186 4023 215 4086 2)
232 4018 276 4075 De
293 4036 348 4090 qua
364 4036 395 4076 re
413 4021 473 4076 aide
489 4019 606 4090 append.
622 4017 647 4072 Ι.

187 4109 214 4172 3)
233 4103 276 4159 Cf·
293 4105 333 4164 vl
350 4109 433 4175 ²³‚33
452 4109 494 4174 ec,
508 4111 537 4177 23
556 4109 638 4177 sr,2;
657 4110 743 4176 ec,a;
762 4110 803 4173 rr,
819 4110 846 4176 ις
865 4109 907 4176 ru,
921 4111 944 4161 1.
1061 4189 1110 4246 w
