3170 4984
258 383 300 439 Da
317 383 440 440 fontibus
457 381 584 452 Dionysii
600 379 852 436 Halicarnassensis
870 379 1041 451 quaestiones
1059 377 1159 434 variae.
1232 367 1293 436 247

130 557 172 625 dc
194 558 267 625 loco
284 576 342 624 suo
365 561 490 623 remota
512 552 632 631 esset.¹)
670 555 751 620 Rem
767 559 876 620 tamen
891 555 996 638 ipsam
1018 573 1082 626 non
1102 553 1181 619 itenr
1196 558 1293 636 atque

129 661 186 727 ille
209 661 327 726 factam
342 678 414 726 esse
429 658 537 724 animo
560 655 641 721 mibi
662 655 759 739 fingo.
797 653 846 723 Ac
867 656 1007 740 primum
1029 654 1160 739 quidem
1182 654 1293 720 nescio

130 763 203 845 quis
218 763 277 828 illa
291 761 500 844 inscriptione
516 758 727 841 dedicatoria,
743 775 841 842 quam
855 758 890 823 in
904 759 977 842 ipso
992 757 1114 842 templo
1130 761 1293 822 servatam

131 865 233 931 luisse
248 885 312 930 non
327 865 374 930 ita
389 867 439 928 est
452 859 654 942 incredibile,
677 865 855 927 commotus
870 859 999 925 ridetur
1014 876 1096 942 esse,
1119 865 1154 924 ut
1168 858 1210 923 Μ.
1226 855 1293 922 Ηο·

129 967 246 1032 ratium
270 967 303 1032 iu
326 966 459 1032 altero
476 963 643 1029 consulatu
665 963 821 1046 templum
836 960 1041 1027 dedicantem
1057 961 1187 1027 faceret.
1226 951 1294 1024 Sed

131 1087 203 1134 cunr
226 1067 353 1133 Horatii
374 1085 492 1132 nomen
514 1070 582 1130 tum
605 1063 750 1131 semel
771 1064 805 1131 in
827 1061 920 1129 fastis
943 1067 1101 1146 exstaret,
1131 1061 1214 1126 alter
1236 1060 1294 1126 ille

131 1169 317 1236 consulatus
333 1173 402 1234 erat
423 1167 603 1250 fingendus.
642 1166 684 1231 Et
705 1167 857 1250 quoniam
878 1170 1013 1250 propter
1032 1161 1177 1229 fabulam
1192 1163 1293 1242 illam,

130 1291 228 1356 quarn
252 1270 293 1336 de
308 1269 384 1336 dolo
400 1268 603 1334 Valeriorum
625 1268 659 1332 in
673 1267 844 1334 Horatium
866 1265 1072 1332 dedicantem
1094 1271 1209 1349 parato
1227 1265 1293 1330 iam

130 1379 198 1438 tum
221 1373 254 1437 in
276 1370 447 1437 annalibus
469 1367 569 1436 fuisse
590 1375 679 1454 puto,
702 1369 739 1434 P.
756 1361 904 1434 Valerius
920 1368 1090 1435 Publicola
1113 1367 1240 1450 collega
1263 1365 1294 1431 ei

131 1473 302 1541 addendus
316 1478 395 1555 erat,
419 1472 561 1537 maxima
584 1489 620 1537 so
636 1471 803 1553 offerebat,
826 1469 879 1536 cui
895 1469 1023 1536 Horatii
1039 1470 1224 1536 consulatus
1246 1468 1295 1533 in·

130 1581 306 1659 sereretur,
329 1575 412 1640 alter
434 1572 557 1640 liberae
580 1574 801 1657 reipublicae
824 1591 942 1655 annum
965 1573 1003 1637 Τ.
1020 1571 1164 1638 Lucretii
1185 1577 1294 1638 autem

131 1678 272 1746 consulis
287 1675 432 1744 uoniam
447 1693 524 1740 usus
539 1680 617 1740 erat.
647 1674 704 1741 Sic
718 1675 839 1742 factum
854 1680 912 1756 est,
929 1681 964 1740 ut
977 1675 1099 1740 bellum
1115 1673 1294 1757 Etruscum,

130 1779 218 1862 quod
240 1784 337 1845 antea
351 1777 387 1842 P.
401 1777 567 1842 Valerio
594 1775 628 1841 T.
645 1773 841 1840 Lucretio
865 1797 947 1843 coss.
971 1782 1099 1860 gestum
1117 1794 1190 1842 esse
1211 1773 1294 1841 fere·

129 1881 234 1960 batur,
257 1881 299 1946 ab
318 1878 380 1945 hoc
397 1883 528 1944 auctore
545 1879 578 1942 in
596 1879 763 1945 consulatu
778 1879 814 1944 P.
828 1879 990 1946 Valerii
1013 1884 1053 1944 ct
1068 1876 1114 1941 M.
1129 1874 1298 1939 Horatii

130 1987 329 2064 narraretur,
359 1979 526 2046 Horatii
555 1981 714 2047 nomine
742 2001 814 2066 pro
841 1980 1024 2047 Lucretii
1053 1979 1294 2046 substituto.

132 2083 221 2162 Quas
244 2082 391 2149 diversas
413 2081 586 2149 memorias
609 2083 693 2150 alins
716 2084 789 2166 quis
812 2103 885 2150 cunr
908 2083 1082 2150 conciliare
1105 2081 1219 2164 vellet,
1249 2080 1296 2149 ita

131 2183 286 2267 confudit,
308 2190 344 2250 ut
365 2184 486 2251 bellum
509 2183 694 2250 Porsennae
716 2203 776 2269 per
798 2184 880 2252 duos
902 2204 1004 2252 annos
1027 2183 1255 2261 extenderet.²)

220 2371 243 2431 l)
266 2366 377 2422 Primo
399 2367 502 2420 liberae
524 2365 694 2435 reipublicae
716 2381 788 2420 anno
812 2367 944 2435 templum
965 2367 1037 2423 loris
1060 2365 1214 2421 dedicatum
1236 2377 1298 2421 esse

129 2451 301 2506 tradiderunt
323 2450 356 2506 L.
371 2450 481 2507 Mucius
497 2450 649 2506 Alimentus
674 2455 759 2518 (auct.
776 2450 836 2508 Lir.
854 2451 908 2506 Vll
925 2455 951 2517 3,
970 2456 1008 2520 8);
1033 2450 1168 2522 Polybius
1184 2451 1226 2504 ΙΙΙ
1244 2454 1297 2519 ²²3

131 2535 227 2591 Liuius
242 2536 273 2590 ΙΙ·
288 2541 313 2604 8,
326 2541 407 2605 6-83
427 2534 595 2591 Plutarchus
612 2535 691 2591 Pabl.
712 2541 756 2604 143
774 2536 883 2594 tertio
906 2535 1060 2608 Dionysius
1077 2535 1119 2590 111
1137 2540 1184 2602 69,
1202 2536 1241 2591 IV
1254 2539 1296 2602 61,

130 2621 156 2674 V
174 2624 220 2682 35;
244 2621 277 2674 in
297 2621 407 2677 altero
430 2620 642 2676 M.Horatii
667 2621 880 2676 consulatu
904 2620 1015 2676 Tacitus
1033 2621 1096 2676 bist.
1115 2621 1157 2675 Ill
1175 2625 1216 2676 72.
1253 2621 1295 2676 Gi.

132 2706 285 2774 Schwegler
299 2700 389 2760 ‘Rbm
410 2697 517 2776 Gescb?
535 2705 562 2759 lI
581 2710 622 2761 51.

219 2793 245 2858 2)
264 2790 351 2857 Quam
370 2790 495 2845 Valerius
513 2789 611 2845 Andes
630 2789 779 2845 Plutarcho
795 2793 866 2846 teste
883 2789 1006 2846 exhibuit
1023 2793 1179 2848 memoriam
1197 2792 1252 2847 boc
1268 2792 1297 2846 in

131 2875 218 2944 gradu
235 2875 404 2944 ponendam,
429 2875 458 2928 in
475 2889 508 2930 ea
525 2874 557 2931 P.
575 2874 714 2930 Valerium
732 2875 764 2928 Τ.
782 2875 941 2930 Lucretium
963 2875 1104 2944 excipiunt
1121 2876 1152 2930 P.
1170 2876 1298 2931 Valerius

132 2960 171 3015 M.
191 2960 332 3016 Horatius.
362 2959 417 3014 Sed
429 2964 546 3030 apparet
563 2960 645 3014 etiarn
663 2959 792 3014 facillime
808 2960 868 3016 fieri
884 2961 1015 3030 potuisse,
1033 2960 1182 3018 utinrerso
1201 2961 1296 3016 ordine

133 3046 296 3100 consulatus
308 3045 348 3100 illi
360 3045 598 3114 coniungerentur.
628 3044 725 3112 Neque
736 3043 808 3099 enim
821 3045 967 3116 quidquam
978 3049 1047 3113 crat,
1065 3050 1197 3115 quantum
1208 3045 1296 3113 video,

133 3145 186 3200 qno
205 3130 266 3199 quis
282 3129 472 3199 impediretur,
495 3130 639 3199 quominus
662 3131 754 3199 potius
773 3129 804 3184 P.
823 3129 958 3185 Valerii
976 3129 1015 3188 M.
1034 3129 1174 3185 Horatii
1197 3146 1297 3187 consu·

131 3215 219 3269 latum
230 3213 348 3284 priore
365 3215 440 3269 loco
453 3214 609 3269 collocaret.
636 3217 678 3269 Ac
689 3216 782 3270 nascio
794 3228 831 3269 an
843 3215 925 3270 etiarn
933 3217 1015 3272 buius
1027 3213 1174 3271 memoriae
1184 3215 1298 3284 vestigia

132 3300 314 3356 inveniuntur.
350 3299 460 3354 Etenim
477 3299 501 3354 si
517 3299 628 3354 Valerio
646 3304 675 3354 et
692 3301 807 3356 Horatio
824 3299 907 3369 prior,
926 3300 1034 3358 Valerio
1053 3308 1080 3356 et
1098 3301 1228 3356 Lucretio
1246 3313 1296 3370 pe·

132 3384 232 3438 sterion
250 3398 338 3438 annus
357 3383 439 3438 datus
457 3389 532 3450 erat,
550 3384 645 3454 templi
663 3384 811 3454 Capitolr'ni
828 3385 962 3441 dedicatio
980 3386 1013 3440 in
1030 3386 1146 3441 altaro
1164 3386 1297 3440 liberae

132 3469 357 3538 reipublicae
375 3483 463 3523 anno
483 3472 542 3524 erat
559 3469 693 3538 ponenda.
730 3468 820 3540 Atqui
832 3467 976 3525 Tacitus
994 3471 1023 3524 in
1041 3471 1105 3526 bist.
1123 3469 1209 3526 111ra
1227 3471 1298 3526 inter

133 3555 266 3623 templum
283 3567 301 3608 s.
318 3553 356 3608 ll.
375 3553 490 3608 Horatio
508 3554 606 3608 iterum
625 3553 739 3609 consule
762 3553 916 3610 dedicatum
934 3562 962 3609 et
978 3555 1012 3612 1..
1031 3553 1159 3624 Scipione
1177 3555 1207 3612 (l.
1225 3553 1297 3612 Nor·

133 3638 206 3694 bano
230 3639 389 3695 consulibus
413 3639 538 3694 incendio
564 3638 683 3694 deletum
697 3633 969 3710 ‘quadringentorum
987 3640 1140 3710 quindecim
1162 3654 1297 3696 annorum

135 3722 254 3792 spatium
270 3715 457 3778 interiectnm'
475 3723 562 3779 fuisse
574 3724 648 3780 dicit.
678 3724 731 3792 Qui
747 3739 876 3780 numerus
890 3740 951 3779 cum
963 3732 1059 3796 aperte
1071 3726 1235 3796 depravatus
1253 3725 1298 3792 sit,

135 3808 199 3862 ollrn
211 3807 321 3877 Lipsius
330 3801 523 3864 ‘CCCCXXV’
535 3809 674 3864 lenissima
687 3809 844 3864 coniectura
855 3809 1029 3865 scribendum
1039 3810 1192 3880 proposuit.
1221 3809 1298 3878 Quae

135 3893 160 3947 si
177 3905 242 3947 vera
259 3899 301 3946 est
319 3891 410 3947 Taciti
426 3892 579 3962 scriptura,
601 3895 626 3948 is
648 3894 694 3948 lric
712 3898 888 3948 auctorem
906 3895 1055 3964 aliquem
1073 3897 1212 3950 secutus
1230 3899 1298 3961 cst,

135 3977 195 4045 qui
212 3976 374 4044 templum
391 3978 625 4048 Capitolinum
643 3993 729 4034 anno
748 3981 798 4032 246
815 3993 841 4033 a.
861 3995 888 4036 u.
908 3994 941 4046 c.,
959 3979 978 4034 i.
996 3995 1020 4034 e.
1039 3979 1150 4036 altero
1167 3980 1220 4035 rei
1236 3997 1297 4049 pn·

135 4061 264 4126 eticae,
283 4061 479 4118 dedicatum
496 4077 572 4119 esse
589 4061 799 4130 tradiderat,
821 4061 882 4118 sad
904 4077 945 4118 ne
961 4063 1094 4119 Valerii
1111 4067 1143 4120 et
1160 4063 1298 4120 Horatii

135 4145 266 4215 quidem
289 4147 506 4202 consulatum
531 4149 704 4204 omiserat.
741 4145 782 4203 Oi.
802 4145 893 4203 umen
916 4147 1117 4219 Hclzapiellum
1135 4151 1153 4205 l.
1172 4151 1190 4205 l.
1208 4165 1235 4219 p.
1255 4153 1297 4216 66,
