3198 4974
310 372 372 432 176
786 372 851 429 Otto
869 373 999 430 Boclrsclr

308 545 409 614 fuisso
424 546 563 614 Romani
577 546 714 614 instituti
732 546 881 629 quamvis
895 553 963 612 tum
978 545 1098 614 sublati
1113 547 1311 630 imperitum,
1327 550 1364 612 nt
1378 543 1481 612 diota·

308 656 379 715 tore
402 647 653 724 dictooousules
673 647 863 714 abdicantes
884 645 1017 732 iaceret,
1038 654 1075 714 nt
1089 648 1186 714 Dion.
1202 648 1230 714 v
1247 650 1298 731 72,
1314 650 1351 730 3;
1374 650 1427 730 71,
1444 650 1479 730 23

310 753 362 833 70,
378 754 409 814 4.
460 748 525 830 Qui
554 770 642 817 error
670 749 824 834 quoniam
850 750 939 834 apud
969 749 1113 818 Graecos
1140 751 1315 834 scriptores
1348 751 1481 834 saepius

310 852 449 919 occurrit
460 854 494 933 ¹),
516 851 735 918 Mommsenus
756 872 822 919 non
844 853 914 919 sine
937 852 1085 920 veritatis
1108 852 1220 936 specie
1241 852 1380 919 coniecit
1401 852 1480 920 Dio·

307 955 437 1037 uysium
460 974 482 1020 a
503 954 642 1038 Polybio
668 954 789 1037 optime
811 954 842 1018 ei
865 955 995 1038 cognito
1017 953 1184 1021 inductum
1207 973 1289 1022 esre.
1313 989 1355 1004 -
1377 955 1479 1023 Porro

308 1055 344 1124 id
365 1055 446 1124 mibi
468 1057 595 1140 insigne
611 1055 763 1140 Dionysii
785 1053 941 1122 indicium
956 1053 1185 1141 videturesse,
1208 1056 1296 1140 quod
1318 1056 1384 1142 bic,
1406 1077 1479 1124 oum

308 1159 496 1241 ceteroquin
525 1163 687 1224 oratorum
718 1158 850 1222 nomina
874 1157 1003 1224 adferre
1024 1158 1080 1224 vel
1101 1157 1321 1242 adamaverit,
1349 1160 1480 1226 illerum

308 1261 540 1328 sententiarum
567 1263 715 1325 auctores
744 1259 800 1342 qui
827 1255 962 1342 fuerim,
992 1265 1086 1327 tacet.
1132 1259 1270 1328 Videtur
1297 1260 1418 1328 talibus
1446 1261 1479 1328 in

307 1364 403 1431 rebus
426 1381 519 1429 amor
540 1361 611 1428 eius
625 1361 783 1444 ueritatis,
807 1378 903 1443 quem
927 1361 1020 1428 initio
1042 1361 1270 1445 antiquitatum
1293 1368 1383 1430 tanto
1405 1382 1479 1429 cum

308 1466 425 1550 spiritu
447 1464 490 1530 de
512 1483 548 1531 se
570 1462 784 1548 praedicavit,
801 1483 873 1529 cum
896 1462 1004 1530 studio
1019 1463 1077 1530 illo
1093 1484 1266 1549 pugnasse,
1289 1465 1380 1548 quod
1400 1465 1480 1532 item

306 1588 371 1635 non
399 1567 502 1635 semel
531 1562 697 1633 confessus
727 1573 793 1646 est,
826 1571 978 1632 accurate
1007 1566 1196 1650 explicandi
1229 1573 1262 1633 et
1294 1566 1478 1650 enarrandi,

307 1689 448 1752 quanam
462 1668 587 1735 ratione
602 1668 711 1734 omnia
725 1673 800 1733 acta
814 1675 931 1751 essent,
955 1669 1088 1751 quaein
1103 1674 1218 1736 senatu
1239 1668 1338 1752 dion,
1362 1670 1480 1754 quibus

307 1771 415 1838 causis
429 1791 469 1837 ac
490 1770 671 1836 rationibus
693 1767 841 1836 homines
863 1770 1017 1838 commoti
1032 1776 1149 1838 esseut
1187 1769 1279 1848 Quae
1294 1777 1330 1837 ut
1345 1771 1480 1842 effusius

307 1875 457 1955 referret,
480 1892 545 1938 non
568 1873 646 1939 satis
669 1872 826 1938 materiae
848 1877 997 1938 auctores
1020 1873 1157 1939 Romani
1179 1891 1279 1956 saepe
1302 1874 1334 1940 ei
1360 1894 1479 1958 suppe-

305 1975 463 2042 ditabant

392 2076 545 2142 Attamen
565 2072 821 2157 iundamentum,
842 2095 884 2142 ex
900 2095 965 2158 quo
982 2096 1064 2160 opus
1079 2095 1172 2144 suurn
1185 2084 1354 2145 emouere
1367 2085 1480 2162 posset

307 2179 495 2262 Dionysius,
519 2176 581 2246 boc
597 2195 726 2261 quoqne
741 2177 815 2244 loco
830 2177 897 2243 ium
918 2198 940 2243 a
954 2178 1081 2246 Licinio
1102 2179 1241 2247 fortasse
1263 2179 1386 2247 iactum
1407 2177 1478 2246 init.

307 2281 394 2360 Quid
417 2281 504 2347 enim
526 2280 597 2346 veri
619 2287 669 2348 est
691 2281 839 2362 similius,
862 2297 961 2362 qnam
984 2279 1069 2349 huno
1090 2289 1126 2348 ut
1147 2283 1230 2350 alias
1253 2281 1302 2349 sio
1321 2280 1377 2348 bic
1400 2301 1478 2366 quo·

307 2404 370 2470 que
384 2384 536 2450 Larcium
551 2402 648 2467 quam
666 2381 918 2448 dissimillimum
933 2381 1054 2466 Sullae,
1069 2385 1224 2467 pristinos
1239 2385 1314 2452 illos
1329 2382 1478 2452 homines

306 2507 403 2572 quem
432 2485 668 2554 dissimillimos
696 2483 882 2568 aequalium
906 2503 1037 2551 suorum
1066 2484 1287 2571 desoripisee?
1316 2485 1426 2570 Sulla,
1450 2489 1478 2555 si

306 2608 418 2656 verum
441 2585 615 2654 dicendum
631 2593 711 2672 erat,
734 2607 770 2654 ro
791 2587 864 2670 ipse
879 2585 1071 2654 dictatorem
1093 2587 1186 2672 fecit;
1209 2594 1321 2656 contra
1342 2589 1383 2656 Τ.
1398 2589 1476 2655 Lar·

306 2693 375 2759 cius
398 2690 546 2774 quamvis
569 2689 713 2755 omnium
738 2690 889 2773 precibus
919 2689 1039 2772 petitus
1067 2693 1176 2756 tamen
1198 2691 1398 2758 commoveri
1419 2691 1478 2758 vix

305 2793 429 2878 potuit,
458 2798 493 2858 ut
519 2791 665 2873 amplum
693 2790 785 2858 illum
812 2791 1037 2872 magistratum
1058 2792 1231 2876 acciperet
1276 2791 1349 2871 Quo
1377 2792 1477 2860 modo

306 2901 416 2962 autem
438 2893 582 2961 Licinius
603 2911 672 2958 rem
695 2893 892 2976 narraverit,
916 2913 1112 2977 quamquam
1133 2893 1178 2960 ud
1200 2895 1355 2961 amussim
1378 2895 1477 2962 statui

306 3016 371 3064 non
393 3001 510 3079 potest,
532 3000 641 3061 tamen
663 2994 776 3077 aliqua
790 3014 833 3060 ex
855 3001 947 3079 parte
970 3001 1048 3079 puto
1062 2994 1172 3062 adhuc
1193 2996 1347 3078 cognosci
1368 3014 1476 3080 posse.

305 3099 390 3166 Nam
406 3097 487 3165 duas
509 3099 584 3164 illus
598 3097 750 3178 rationes,
774 3097 891 3180 quibus
907 3097 1059 3164 constitui
1079 3103 1200 3182 posset,
1222 3103 1294 3163 uter
1309 3099 1477 3164 consulum

306 3202 498 3268 dictatorem
526 3197 667 3277 diceret,
696 3204 753 3264 aut
780 3203 867 3264 sorte
895 3197 1090 3265 decernente
1118 3205 1175 3266 cut
1203 3199 1390 3266 consulibus
1417 3219 1477 3267 suu

305 3308 420 3387 sponte
442 3321 510 3369 rem
532 3301 666 3368 intereo
685 3298 953 3383 disoementibns‚
976 3300 1151 3368 sollemnes
1171 3297 1274 3367 fuisse
1295 3299 1396 3366 ctiam
1417 3321 1476 3385 po·

306 3403 493 3472 sterioribus
517 3402 670 3485 quonium
685 3402 881 3486 accepimus,
904 3409 1155 3470 cousentaneum
1179 3409 1289 3470 estne
1311 3401 1475 3470 aLiciuio

306 3505 454 3589 quidem,
478 3523 551 3572 oum
574 3502 754 3571 dictaturae
776 3505 1010 3572 institutionem
1031 3501 1181 3589 referret,
1210 3505 1284 3570 illas
1306 3505 1476 3588 neglectos

306 3627 388 3676 esse.
432 3606 470 3672 Id
498 3624 628 3689 quoque
656 3607 772 3676 iama
794 3606 921 3674 Licinio
944 3606 1097 3673 traditum
1126 3605 1227 3674 fuisse
1248 3606 1346 3672 focile
1369 3606 1475 3674 credi·

306 3708 409 3776 dorin
431 3714 594 3790 senatum,
624 3709 680 3791 qui
702 3709 936 3792 posterioribus
958 3707 1158 3794 temporibus
1186 3708 1258 3793 ipse
1280 3707 1475 3776 dictatorem

306 3810 491 3878 oonsulibus
512 3809 686 3893 designare
707 3810 851 3894 solebat,
881 3819 950 3878 tum
972 3811 1110 3877 veritum
1139 3810 1307 3876 consulum
1334 3811 1476 3880 alterum

305 3914 400 3980 alteri
422 3911 636 3997 posthabere,
663 3931 705 3980 ne
728 3911 783 3982 hio
804 3914 912 3998 plebis
933 3914 1039 3998 gratia
1061 3913 1165 3982 elatus
1187 3931 1345 3980 novarum
1366 3933 1476 3981 rerum

395 4134 418 4197 l)
436 4129 532 4200 Polyb.
550 4131 591 4185 IlI
610 4135 652 4200 st,
665 4136 695 4201 ὃς
714 4130 831 4200 Appian.
849 4130 940 4186 Hnnn.
962 4133 1007 4198 123
1026 4130 1098 4186 Plut.
1116 4133 1220 4188 Antou.
1240 4133 1265 4185 8.
