3282 4968
298 345 339 404 88
723 344 863 410 Augustus
880 341 1034 397 anemann

300 517 413 600 giones
428 515 600 582 arcessitus
613 534 685 584 esse
697 514 850 584 docemur
862 516 954 582 tltnlo
969 515 1005 582 P.
1018 515 1093 581 Iulii
1104 513 1245 581 Geminii
1257 514 1413 582 Marciani
1423 518 1457 599 ¹),

300 619 356 702 qui
378 617 500 702 legi0ui
521 617 563 682 X.
587 617 744 685 Geminae
766 619 970 704 praepositus
992 618 1081 685 iussn
1102 616 1204 682 Marci
1226 617 1458 684 vexillatioues

299 740 317 786 e
340 719 508 786 Pannonia
530 720 563 784 in
579 719 821 804 Cappadociam
844 720 946 786 duxit.
984 718 1045 786 Gni
1067 717 1267 803 expeditioni
1289 719 1388 786 etiam
1410 720 1457 785 le-

298 821 467 904 gionemL
490 821 690 888 AdiutrIcem
713 823 897 889 interfuisse
924 827 960 888 ut
980 840 1040 907 per
1062 839 1098 886 se
1120 819 1381 902 commendatur,
1410 821 1458 888 ita

299 923 401 989 multo
423 923 624 1007 probabilius
645 923 681 990 fit
702 925 971 1009 perlustrantibus
986 923 1080 990 noble
1095 921 1222 988 titulum
1238 921 1458 990 Concordien-

299 1044 367 1092 sem
383 1025 426 1101 (n.
444 1026 507 1102 19.)
530 1026 584 1108 qui
600 1026 636 1090 P.
653 1025 800 1094 Cominio
816 1024 1062 1093 clementinum
1078 1044 1199 1091 anuum
1218 1027 1287 1090 160.
1310 1024 1359 1102 (L.
1371 1025 1458 1091 Vero

299 1127 388 1203 vivo)
412 1132 561 1192 exaratus
577 1127 705 1194 videtur
727 1148 808 1196 esse.
845 1129 878 1194 Is
901 1127 989 1194 enim
1004 1146 1076 1194 cum
1090 1126 1254 1192 tribunatu
1276 1126 1458 1208 legionisl.

299 1227 475 1294 Adiutricis
460 1228 698 1338 fungeretur,
727 1250 847 1298 corona
875 1230 992 1296 murali
1020 1235 1053 1296 et
1081 1227 1183 1294 hastis
1212 1228 1303 1312 puris
1327 1228 1409 1292 ab
1400 1249 1458 1294 rm·

299 1325 505 1413 peratoribus'
515 1314 680 1398 A'lr'touiuo
702 1339 735 1398 et
749 1332 835 1398 Vero
854 1331 991 1398 donatus
1006 1350 1079 1398 esse
1094 1331 1128 1395 in
1142 1335 1349 1396 monumento
1364 1349 1459 1414 prae-

298 1431 432 1498 dicatur.
450 1430 667 1530 Quamquam
680 1440 787 1500 autem
804 1441 936 1518 propter
950 1432 1094 1551 lapidem
1108 1433 1245 1498 fractum
1260 1432 1374 1498 titulus
1389 1451 1459 1496 mu·

298 1533 407 1599 tilatus
431 1539 495 1617 est,
518 1540 626 1600 tamen
648 1536 741 1602 titulo
765 1535 911 1603 eiusdem
932 1556 996 1602 vrrr
1018 1534 1055 1600 V
1073 1535 1167 1599 8659.
1190 1531 1339 1599 adhibito
1361 1533 1460 1599 facile

301 1637 456 1720 compleri
477 1643 599 1720 potest,
628 1637 724 1709 sed
715 1659 754 1712 ru
771 1657 868 1707 versu
890 1644 982 1705 sexto
1004 1642 1078 1723 post
1100 1654 1215 1703 uocem
1238 1634 1460 1720 expeditionis

298 1758 363 1804 non
392 1736 589 1804 adiectivnm
616 1738 862 1823 Germanicum,
892 1737 951 1806 sed
977 1738 1163 1806 Parthicum
1171 1739 1198 1814 ²)
1220 1735 1460 1804 emendandum

298 1859 371 1905 esse
394 1839 603 1924 crediderim,
631 1842 821 1925 praesertim
849 1862 921 1908 cnm
950 1841 1045 1907 bellis
1075 1848 1107 1906 et
1133 1841 1177 1906 ad
1199 1839 1348 1906 Rhenum
1371 1847 1405 1904 et
1425 1839 1461 1902 in

259 1941 264 1951 '
299 1940 380 2006 Asia
407 1941 503 2006 simul
529 1943 607 2009 ortis
636 1944 782 2026 legiones
812 1942 967 2025 Syriacae
1002 1949 1035 2008 et
1063 1941 1312 2027 Cappadocioae
1348 1946 1462 2006 contra

299 2040 437 2109 Parthos
459 2044 567 2127 potins
589 2045 767 2111 adiuvandi
790 2051 898 2112 essent
927 2065 1023 2127 quam
1055 2046 1216 2112 exercitus
1238 2042 1460 2109 Germanicus.

299 2144 414 2227 Itaque
442 2150 567 2228 partem
595 2147 733 2229 legionis
756 2147 781 2212 I.
810 2147 989 2214 Adintricis
1018 2153 1085 2212 tum
1115 2147 1149 2212 in
1177 2146 1258 2212 Asia
1286 2143 1461 2212 dimicasse

300 2245 452 2330 equidem
473 2265 664 2330 persuasum
686 2247 801 2315 habeo.

386 2349 514 2415 Deinde
536 2349 594 2414 vix
614 2369 698 2416 anno
719 2353 787 2416 166.
811 2351 938 2418 Marcus
961 2357 993 2417 et
1007 2351 1110 2416 Verus
1134 2349 1176 2414 de
1197 2347 1327 2416 Parthis
1350 2349 1461 2415 trium·

300 2449 497 2533 pharorum,
530 2472 601 2519 cum
625 2453 707 2518 illnd
735 2454 858 2518 bellum
886 2453 1194 2536 periculosissimum
1218 2450 1305 2534 qnod
1327 2456 1462 2518 vocatur

303 2552 597 2620 Marcomannicum
626 2556 763 2638 exarsit,
794 2553 882 2638 quod
910 2554 1070 2637 imprimis
1092 2553 1258 2636 Mlyricum
1282 2553 1462 2619 exercitum

302 2656 490 2733 evocavit.³)
542 2654 629 2733 Quid
657 2663 766 2723 autem
796 2657 942 2739 singulae
970 2657 1117 2738 legiones
1150 2655 1356 2722 Pannonicae
1389 2675 1462 2739 per-

301 2756 450 2838 fecerint,
473 2759 649 2824 memoriae
671 2757 825 2823 traditum
850 2777 914 2822 non
937 2762 995 2822 est.
1033 2755 1128 2822 Certe
1144 2775 1209 2839 qua
1230 2763 1322 2822 erant
1344 2759 1462 2823 virtute

304 2864 336 2922 et
359 2859 553 2942 constantia,
584 2857 617 2924 in
640 2860 706 2925 illis
729 2859 884 2942 gravibus
914 2865 946 2924 et
975 2857 1133 2924 diuturnis
1155 2859 1267 2940 bellis,
1296 2877 1381 2942 quae
1403 2879 1463 2943 per

300 2958 416 3042 viginti
439 2959 507 3025 fere
529 2979 630 3026 annos
653 2981 725 3026 curn
741 2960 978 3028 Marcomannis
994 2964 1086 3042 gesta
1108 2965 1197 3038 sunt,
1218 2960 1411 3028 fortissimas
1426 2981 1463 3028 se

214 3151 217 3155 ι
303 3062 541 3144 praestiterunt.
578 3063 686 3146 Atque
715 3061 799 3128 banc
829 3061 960 3146 quidem
988 3062 1152 3144 legionem
1181 3062 1228 3128 ita
1256 3082 1291 3128 se
1321 3063 1464 3145 gessisse

394 3250 419 3310 1)
436 3245 511 3300 VIII.
532 3249 613 3299 7050:
631 3283 639 3300 .
654 3284 660 3298 .
675 3237 753 3312 fleg.
766 3247 851 3312 Angg.
871 3259 955 3314 super
971 3243 1156 3302 vexillationes
1172 3246 1201 3299 In
1220 3245 1394 3314 Cappadocia
1410 3245 1464 3314 leg.

302 3331 373 3397 Aug.
386 3330 437 3398 leg.
450 3330 485 3385 X.
499 3323 655 3384 Gemtnae’.
669 3371 676 3385 .
690 3370 697 3386 .
734 3329 770 3383 cf.
788 3329 897 3396 RenIer,
911 3327 1060 3398 ‘melanges
1078 3324 1273 3400 d’epigrephie’
1291 3345 1319 3400 p.
1332 3333 1464 3400 tlt-128,

300 3413 457 3483 Ritterling,
474 3416 494 3470 l.
507 3416 525 3469 l.
537 3432 565 3485 p.
579 3419 621 3482 59,
639 3415 787 3470 Liebenam
804 3414 823 3470 1.
836 3415 855 3470 l.
868 3431 896 3484 p.
911 3419 952 3470 15.

387 3503 412 3564 2)
440 3499 518 3567 Quod
543 3500 573 3554 in
598 3501 651 3556 hoc
677 3501 768 3570 lapide
794 3500 974 3569 expeditio
1003 3501 1171 3567 nominatur,
1202 3503 1275 3555 certe
1304 3501 1402 3558 titulus
1428 3501 1465 3556 ad

303 3581 432 3636 bellum
448 3583 699 3640 Marcomannicum
716 3585 875 3641 referendus
893 3601 948 3640 non
965 3591 1016 3640 est.

387 3671 412 3734 3)
436 3669 472 3723 cf.
492 3669 602 3726 Cassius
626 3671 678 3726 Dio
696 3671 787 3726 LXXI
806 3675 833 3726 3
858 3664 947 3736 αὐτὸς
970 3671 1000 3728 δε
1017 3679 1079 3736 τοῖς
1102 3674 1169 3744 περὶ
1186 3665 1241 3728 τὸν
1255 3666 1370 3741 Ιστρον
1391 3677 1467 3744 βαρ.

301 3750 414 3825 βάροις,
436 3747 536 3819 Ἰάξυσί
552 3775 584 3812 τε
601 3758 651 3811 καὶ
669 3753 890 3829 Μαρκομάνοις,
915 3751 1018 3814 ἄλλοτε
1042 3751 1140 3822 αλλοις
1160 3751 1273 3829 χρόνον
1295 3751 1405 3827 συχνὸν
1423 3752 1465 3823 ὡς

302 3836 394 3893 εἰπεῖν
411 3830 445 3892 δι’
456 3827 527 3894 o'lov
544 3843 597 3897 τοῦ
614 3841 690 3912 βίον,
709 3837 774 3912 τὴν
790 3835 1038 3899 Ilcvoorlco''
1021 3859 1112 3912 εχων
1137 3835 1374 3914 ὁρμητήριον,
1396 3839 1466 3898 ἐπο-

303 3919 415 3993 λέμησε.
445 3926 548 3979 πολλοὶ
567 3924 596 3981 δὲ
613 3928 661 3982 καὶ
678 3921 800 4000 ὑπὲρ
770 3947 823 3984 τον
838 3920 936 3998 Ῥῆνον
954 3929 1074 3983 Κελτῶν
1090 3925 1174 3997 μέχρι
1190 3929 1242 4029 ζτῆς
1259 3919 1379 3992 Ἰταλίας
1395 3922 1465 3999 ἦλα-

303 4025 368 4072 σαν,
385 4009 434 4062 καὶ
451 4003 544 4065 πολλὰ
563 4003 688 4082 ἔδρασαν
706 4009 736 4077 ἐς
753 4031 822 4078 τους
829 4006 987 4082 Ρωμαὶους
1004 4007 1090 4070 δεινά.
1122 4005 1199 4077 οἷςζ
1185 4005 1379 4082 οΜάρκος’
1359 4031 1466 4069 corea·

304 4086 358 4146 ιών
376 4084 566 4163 Πομπηιανόν
584 4115 615 4152 τε
633 4098 682 4151 καὶ
700 4098 865 4168 Περτίνακα
884 4093 952 4162 τοὺς
968 4091 1207 4168 ὕποστρατῆγους
1224 4089 1424 4169 ἅντικαθίστη.
