3198 4974
259 375 304 432 De
321 374 444 431 fontibus
462 374 588 446 Dionysii
604 372 854 431 halicarnassensis
872 376 1046 446 quaestiones
1063 377 1162 433 variae.
1228 374 1292 438 209

123 556 227 616 terum
255 547 347 614 illum
376 550 498 616 forrum
527 548 580 616 hic
608 569 629 614 a
659 546 833 615 Plutarcho
855 547 1049 614 exhaustum
1070 567 1159 634 esse,
1189 549 1290 616 etiam

124 649 264 718 leviores
287 648 445 734 quasdam
467 648 718 733 discrepantias,
748 650 777 716 si
800 665 865 716 non
887 655 922 716 ut
943 657 1150 734 argumenta,
1178 657 1213 717 at
1234 672 1291 720 ve·

124 752 223 836 eligia
249 750 395 818 eiusdem
417 753 476 835 roi,
499 753 598 818 liceat
619 751 758 818 adferre.
803 750 990 818 Secundum
1013 751 1179 820 Plutarchi
1202 753 1289 820 enim

124 855 341 920 narrationem
355 856 376 927 ¹)
398 854 525 936 plebei,
555 869 629 946 cnm
658 855 691 918 in
714 851 813 920 Sacro
836 859 943 920 monte
966 859 1152 938 versantur,
1176 853 1210 921 ln
1232 876 1290 941 pa·

125 956 236 1022 tricios
258 956 432 1022 frementes
455 961 709 1038 conqueruntur,
740 953 829 1038 quod
856 975 921 1021 non
950 961 1025 1022 tuno
1055 954 1201 1039 demum,
1230 957 1291 1024 sed

125 1059 191 1123 ianr
218 1057 342 1124 dudum
370 1057 412 1122 ab
435 1057 500 1124 illis
523 1058 557 1122 in
580 1057 715 1122 exilium
739 1057 869 1139 expulsi
891 1057 971 1138 sint,
1002 1057 1115 1140 aequis
1136 1058 1289 1124 nimirum

126 1161 247 1225 civium
269 1158 392 1224 iuribus
414 1157 571 1225 destituti.
617 1158 751 1222 Frustra
773 1175 910 1241 quaeres
932 1159 1039 1225 locum
1061 1159 1222 1242 Dionysii,
1246 1175 1289 1225 ex

126 1280 191 1344 quo
220 1260 303 1328 haec
331 1259 492 1328 sententia
519 1260 692 1342 desumpta
720 1259 772 1324 sit.
822 1259 951 1326 Deinde
981 1257 1065 1325 Plnt.
1095 1281 1122 1326 c.
1152 1263 1173 1326 6
1200 1259 1290 1344 (423,

129 1365 167 1426 10
184 1367 267 1446 squ)
291 1362 369 1446 Agr.
385 1361 554 1428 Menenius
577 1361 732 1442 oratione,
754 1379 854 1442 quarn
876 1357 964 1442 apud
987 1362 1119 1445 plebem
1141 1363 1174 1428 in
1190 1362 1290 1430 Sacro

125 1471 235 1531 monte
258 1463 374 1547 habet,
398 1464 496 1529 etiam
519 1470 706 1529 senatum
730 1459 956 1528 defendere
979 1463 1102 1547 studet3
1127 1464 1223 1531 Dion.
1246 1461 1291 1531 VI

126 1567 179 1650 83,
203 1570 224 1632 3
245 1565 334 1632 idem
355 1565 524 1632 Menenius
547 1563 628 1631 dicit
648 1583 741 1648 non,
765 1569 806 1628 ut
831 1561 872 1628 id
895 1563 1071 1647 iaceret,
1093 1565 1137 1631 ad
1159 1568 1291 1650 plebem

125 1668 316 1735 sevenisse.
346 1668 452 1734 Notae
474 1667 562 1732 illins
584 1667 726 1749 fabulae,
750 1681 847 1748 quam
869 1665 1038 1732 Menenios
1061 1683 1170 1734 coram
1193 1663 1290 1752 plebe

126 1769 169 1834 de
184 1769 345 1837 seditione
360 1771 443 1834 inter
461 1768 607 1834 membra
629 1766 773 1850 corporis
796 1765 929 1832 humani
952 1774 985 1832 et
1006 1774 1152 1835 tenuem
1175 1778 1291 1837 exortu

129 1891 280 1938 narrasse
294 1872 404 1951 lertm,
420 1868 612 1936 Plutarchus
627 1867 793 1952 propriam
809 1868 973 1951 quandam
989 1871 1126 1936 formam
1141 1873 1290 1955 quamvis

125 1973 285 2038 Livianae
314 1973 502 2039 similiorem
532 1991 629 2054 quam
651 1970 890 2052 Dionysiauae,
920 1977 1028 2038 tamen
1056 1991 1097 2038 ne
1127 1991 1200 2040 cum
1228 1973 1290 2040 hac

127 2075 261 2157 quidem
282 2075 380 2158 plane
403 2073 650 2140 convenientem
673 2070 852 2148 exhibeas

214 2175 281 2241 Sed
303 2182 339 2242 nt
360 2177 425 2240 ianr
448 2174 530 2240 haec
553 2174 680 2240 leviora
701 2173 885 2256 mittamus,
916 2191 959 2239 ox
982 2174 1046 2258 eis,
1077 2193 1157 2258 quas
1186 2177 1291 2261 attrdi,

17 2279 22 2290 '
124 2281 212 2344 inter
227 2277 435 2344 Plutarchum
450 2284 483 2343 et
498 2277 691 2359 Dionysium
703 2273 896 2341 differentiis
911 2274 993 2343 duas
1004 2279 1180 2360 praecipue
1190 2280 1291 2345 velim

125 2381 296 2464 respicias,
320 2381 436 2462 quibus
462 2379 605 2462 perspici
627 2395 724 2460 posse
746 2377 893 2458 arbitror,
916 2379 1045 2444 cuinam
1068 2381 1193 2445 auctori
1215 2379 1290 2446 Plu-

125 2482 233 2549 tarchi
247 2483 390 2548 narratio
406 2482 572 2547 debentur.
611 2481 659 2544 Ac
682 2479 821 2562 primum
844 2478 975 2562 quidem
993 2480 1134 2548 vidimus
1157 2489 1189 2548 et
1203 2481 1292 2566 apud

124 2585 322 2669 Dionysium
348 2591 380 2650 et
408 2583 497 2667 apud
526 2581 734 2647 Plutarchum
757 2582 799 2646 M.
823 2581 989 2648 Valerium
1018 2582 1209 2650 dictatorem
1231 2603 1291 2668 pro

123 2691 243 2754 senatu
264 2686 356 2768 plebi
371 2687 577 2770 sponsionem
600 2685 724 2766 faeere,
747 2683 806 2750 sed
829 2703 902 2750 oum
925 2703 968 2750 ex
983 2685 1134 2768 Dionysii
1156 2688 1290 2752 narrati·

124 2807 190 2855 one
206 2788 355 2854 Valerius
370 2807 429 2854 sua
444 2794 559 2870 sponte
574 2785 609 2852 id
624 2786 774 2852 videatur
789 2786 916 2868 fecisse,
933 2785 1126 2852 Plutarchus
1141 2807 1162 2852 a
1176 2795 1291 2854 senatu

124 2910 206 2956 eum
225 2890 349 2956 iussum
364 2907 436 2955 esse
459 2889 624 2972 expressis
642 2888 751 2954 verbis
773 2888 875 2967 addit
913 2888 1013 2971 Atqui
1036 2889 1125 2972 plebi
1140 2888 1222 2957 fides
1245 2899 1291 2956 ta-

123 3011 203 3058 men
225 3011 289 3056 non
305 2997 461 3056 servatur.
507 2991 593 3072 Ergo
609 2989 760 3072 Dionysii
775 2990 933 3056 relatione
948 2989 1027 3056 fidei
1049 2990 1172 3056 fractae
1195 2993 1292 3075 culpa

124 3096 162 3158 in
184 3095 291 3176 ipsum
312 3092 477 3158 Valerium
500 3091 629 3158 videtur
651 3093 764 3174 conici,
795 3093 865 3158 eius
888 3099 997 3158 autem
1019 3093 1170 3174 auctoris,
1194 3111 1290 3176 quem

123 3193 321 3260 Plutarchus
335 3192 489 3276 sequitur,
512 3195 763 3260 commutatione
785 3213 806 3259 a
820 3193 952 3259 Valerio
967 3194 1001 3258 in
1024 3201 1171 3260 senatum
1186 3199 1291 3260 trans-

122 3295 237 3361 serim.

213 3398 296 3462 Tum
325 3397 510 3480 accepimus
537 3413 558 3461 a
581 3396 740 3480 Dionysio
764 3397 943 3479 Valerium,
969 3397 1159 3480 priusquam
1189 3397 1291 3464 diota-

123 3509 201 3566 tura
221 3500 344 3581 abiret,
368 3505 481 3564 senatu
504 3498 607 3563 invito
631 3505 782 3581 quattuor
803 3517 878 3564 suas
900 3497 1064 3580 legiones,
1095 3499 1116 3564 i.
1141 3519 1169 3565 e.
1193 3501 1291 3568 totius

125 3601 293 3668 exereitus
305 3606 430 3683 partem
445 3600 603 3665 minorem
618 3599 791 3683 dimisisse,
807 3619 881 3664 curn
896 3620 938 3666 ex
950 3599 1117 3666 Plutarchi
1132 3604 1291 3669 memoria

123 3721 261 3770 neeesse
283 3703 326 3767 sit
348 3702 548 3784 suspicemur
571 3707 699 3766 totum
722 3702 970 3785 exereitum,
993 3723 1015 3767 a
1034 3702 1204 3770 Valerio
1221 3705 1288 3806 ¹ni·

215 3958 241 4020 1)
257 3953 330 4009 Plut.
349 3952 412 4008 Gor.
432 3969 456 4008 o.
475 3957 491 4007 6
508 3955 578 4020 (42³,
597 3955 611 4005 ³
629 3954 706 4020 squ).

215 4042 241 4104 i)
259 4037 335 4105 Quae
351 4038 433 4092 modo
451 4037 555 4106 protuli
570 4037 740 4091 diversitates
764 4035 823 4091 fieri
841 4041 947 4106 potest,
965 4041 997 4093 ut
1014 4039 1050 4093 od
1067 4042 1178 4094 tertium
1204 4053 1291 4109 quen·

122 4126 191 4180 dum
208 4124 312 4178 iontem
329 4123 499 4178 revocandae
517 4123 581 4191 sint,
597 4122 627 4178 id
646 4121 720 4191 quod
737 4123 811 4177 infra
829 4125 986 4179 accuratius
1005 4139 1148 4194 exponam,

179 4217 294 4272 Leipn'gsr
307 4216 407 4260 Studien.
422 4215 500 4259 xvn.
1102 4216 1134 4264 14
