3282 4968
283 1413 412 1498 Papyro
435 1413 618 1480 Britannico
648 1413 800 1480 orationis
823 1412 886 1490 ,de
908 1417 1009 1497 paoe“
1032 1420 1160 1496 reperto
1183 1413 1348 1481 codicibus

196 1515 367 1582 Isocrateis
389 1513 564 1581 tractandis
579 1534 630 1581 me
646 1514 732 1597 dedi,
756 1535 828 1582 cum
845 1517 1009 1598 neglectos
1024 1515 1092 1581 fere
1115 1515 1348 1598 cognovissem.

196 1618 280 1684 Nam
302 1623 430 1701 praeter
454 1616 640 1684 Urbinatem
663 1617 835 1683 aMartino
857 1623 953 1702 atque
976 1617 1178 1684 Bnermanno
1201 1623 1349 1684 accurate

197 1720 412 1786 examinatum
437 1716 564 1784 codices
588 1719 736 1802 vulgatos
758 1719 994 1786 aBuermanno
1017 1719 1185 1785 distinctos
1208 1719 1349 1802 quidem,

195 1823 254 1889 sed
276 1822 364 1887 nullo
387 1820 483 1886 modo
504 1821 669 1888 absolutos
691 1820 776 1904 vidi,
799 1821 935 1888 necdum
957 1821 1117 1903 effectum,
1140 1839 1205 1904 qua
1226 1822 1350 1888 ratione

196 1923 340 2006 codices,
371 1923 426 2006 qui
454 1927 593 1988 aetatem
622 1923 776 2006 tulerunt,
807 1922 1025 1990 cohaererent.
1076 1926 1182 2007 Atque
1211 1923 1349 2007 primum

196 2025 318 2094 codicis
334 2024 500 2092 Urbinatis
521 2025 645 2090 familia
660 2025 884 2092 constituenda
899 2031 977 2110 erat,
999 2025 1085 2108 quod
1102 2031 1136 2090 ut
1150 2043 1349 2108 assequerer,

198 2127 354 2194 suadente
370 2127 395 2192 I.
411 2125 596 2192 Hermanno
611 2127 751 2211 Lipsius,
774 2127 844 2193 viro
860 2127 1074 2193 illustrissimo
1090 2125 1350 2212 doctissimoque,

195 2236 270 2295 ante
298 2247 416 2294 annum
445 2229 477 2293 in
506 2228 631 2295 ltaliam
661 2228 823 2311 profectus
852 2248 915 2296 non
943 2229 1045 2294 solum
1076 2227 1240 2296 codicibus
1263 2229 1350 2294 Vati·

196 2351 277 2398 cano
299 2332 331 2394 A
350 2336 382 2395 et
396 2329 609 2397 Ambrosiano
633 2333 662 2394 E
683 2329 884 2397 conterendis
907 2348 1037 2412 operam
1062 2329 1148 2411 dedi,
1172 2330 1229 2396 sed
1253 2331 1349 2396 otiam

194 2433 228 2498 in
252 2431 379 2499 codices
407 2430 538 2501 ΓΘΛΞ
562 2433 731 2515 inquisivi,
762 2452 833 2498 cum
863 2430 983 2498 codicis
1005 2430 1219 2514 Scaphusiani
1241 2437 1273 2493 Z
1294 2450 1348 2497 ex·

195 2533 338 2602 cutiendi
367 2534 503 2600 facultas
532 2534 564 2598 in
593 2532 791 2600 bibliotheca
818 2533 1035 2599 universitatis
1063 2532 1240 2616 Lipsiensis
1269 2531 1348 2598 mihi

195 2637 305 2703 oblata
327 2637 377 2702 sit.
422 2634 488 2701 Sed
512 2637 732 2718 quaestionem
755 2633 914 2700 adfinem
937 2653 1000 2700 non
1022 2634 1263 2718 perduxissem,
1285 2633 1348 2702 nisi

194 2738 389 2805 Bnermanni
418 2738 533 2820 opibus
562 2737 690 2803 adiutus
719 2755 839 2818 essem,
868 2737 919 2802 cui
947 2734 1008 2802 boc
1036 2737 1107 2802 loco
1136 2738 1257 2820 gratias
1285 2756 1348 2820 ago

195 2859 293 2924 quam
321 2841 490 2908 maximas.
540 2839 656 2922 Neque
684 2839 867 2922 Kenyonis,
901 2837 962 2904 viri
996 2836 1234 2922 humanissimi,
1269 2838 1348 2905 obli·

195 2942 317 3023 viscar,
347 2940 401 3023 qui
424 2960 510 3007 nova
531 2940 572 3007 de
594 2959 719 3025 papyro
743 2939 926 3007 Britannico
954 2939 1066 3005 libenti
1096 2941 1203 3006 animo
1225 2960 1349 3008 mecum

195 3042 452 3110 communicavit.
504 3041 731 3121 Quaestionem
760 3048 867 3108 autem
896 3041 943 3108 sic
970 3042 1150 3124 instituam,
1180 3048 1214 3107 nt
1242 3043 1349 3126 priore

195 3144 429 3212 dissertationis
451 3151 543 3228 parte
558 3144 723 3212 Urbinatis
745 3141 900 3210 familiam
923 3149 1056 3210 tractem
1080 3148 1112 3208 et
1133 3145 1285 3209 nonnulla
1307 3142 1349 3210 de

195 3247 360 3315 codicibus
383 3247 522 3330 vulgatis
545 3245 674 3328 addam,
695 3246 798 3312 altera
818 3252 910 3330 parte
932 3244 1092 3311 communi
1116 3245 1261 3312 codicum
1284 3264 1348 3312 ser·

194 3357 341 3418 vatorum
365 3346 542 3433 archetypo
557 3348 693 3432 probato
712 3347 858 3414 codicum
874 3346 1142 3416 necessitudinem
1164 3346 1347 3414 diiudicem.
