3170 4984
143 390 218 459 Quae
233 391 304 446 ratio
321 390 473 445 intercedat
490 390 563 445 inter
575 389 729 446 Vitruvium
747 392 775 446 et
786 390 956 446 Athenaeum
973 390 1169 458 mechanicum,
1206 389 1268 448 305

107 562 265 647 protentos
295 583 384 647 esse,
413 564 490 647 quin
519 584 579 649 pro
605 554 666 628 ‘ele'
695 553 810 627 αὐτοῦ’
837 562 1011 646 legendum
1034 564 1076 630 sit
1094 555 1266 643 ‘Aedoov',

108 686 165 750 pro
186 656 519 752 ‘daoloquodvawv'
546 671 654 733 autem
674 656 1012 751 ‘inoleveqoavroe'.

148 788 179 851 p.
205 769 292 851 8,14
326 787 384 851 pro
416 772 503 833 eerto
532 767 639 835 habeo
670 767 770 852 (quod
791 766 985 835 Wesoherus
1014 767 1163 847 eonieeit)
1190 768 1267 835 seri·

232 869 374 936 bendum
403 888 475 936 esse
500 860 631 945 ‘ababa'
662 890 721 953 pro
741 859 885 934 ‘etevat

150 990 181 1055 p.
202 973 286 1053 18,1
309 961 429 1053 ‘avaei'
456 971 693 1039 emendandum
717 977 766 1038 est
788 961 988 1055 in‘i'mrvpa'
1008 970 1266 1055 (el.Anon.Byz.

232 1094 264 1157 p.
280 1076 354 1154 ane,
372 1073 435 1154 18),

145 1194 177 1258 p.
198 1175 282 1256 18,2
303 1167 364 1250 ‘oie
387 1165 449 1240 ἔπ’
481 1175 514 1240 in
540 1167 600 1250 ‘oie
629 1165 692 1239 ἔνι’
718 1171 962 1261 (προσφάτοις,
984 1175 1063 1241 vitr.
1082 1194 1119 1259 p.
1135 1178 1208 1258 276,
1225 1177 1266 1238 24

234 1277 375 1343 maxime
398 1277 605 1360 recentibus),

142 1399 174 1463 p.
193 1382 243 1461 19,
261 1383 279 1442 5
300 1369 537 1463 ‘qiaovopqeoe'
564 1379 597 1444 in
616 1370 873 1464 “ᾠκοόόμηται’,

143 1503 175 1567 p.
192 1483 244 1564 22,
263 1484 281 1544 7
302 1470 538 1564 “ἒξαιροῦντες’
564 1480 598 1544 in
621 1471 854 1562 Ἓξαίροντεξ,

145 1604 176 1668 p.
194 1585 247 1666 23,
266 1587 284 1648 3
303 1574 376 1646 ‘en'
412 1573 507 1647 αὐτό
533 1581 567 1648 in
587 1573 660 1646 ‘in’
695 1572 817 1647 abeou'
849 1581 949 1666 (quod
979 1583 1076 1649 etiam
1104 1581 1266 1650 nonnullis

230 1686 324 1752 libris
347 1683 540 1761 exhibetur).

145 1809 177 1873 p.
195 1790 284 1871 34,2
307 1788 363 1870 qui
385 1783 579 1852 Weseherus
606 1787 748 1869 potuerit
777 1787 918 1869 moveri,
950 1792 984 1854 ut
1003 1777 1140 1850 ‘abror'
1166 1785 1267 1870 (quod

233 1908 295 1972 ego
325 1886 458 1972 quidem
487 1906 552 1954 non
574 1887 742 1972 intellego)
764 1890 797 1955 in
820 1894 1004 1956 contextum
1027 1889 1186 1974 reoiperet
1207 1908 1265 1972 pro

232 1980 375 2074 εαὐτοῦ’,
397 2009 461 2056 non
485 1987 592 2056 video.

189 2093 357 2158 Nonnulla
389 2111 472 2174 quae
504 2091 594 2175 apud
626 2091 830 2160 Athenaeum
864 2093 995 2159 omnino
1027 2113 1093 2161 non
1129 2099 1264 2175 possunt

105 2195 269 2280 intellegi,
301 2194 439 2260 elariora
460 2194 605 2278 praebet,
628 2194 684 2276 qui
707 2195 772 2261 iam
794 2195 1010 2278 compluriens
1032 2193 1183 2261 laudatus
1206 2201 1265 2275 est,

104 2297 295 2380 Anonymus
310 2295 495 2379 Byzantius.
526 2295 641 2377 Neque
657 2295 791 2363 dubium
815 2302 873 2378 est,
897 2297 975 2378 quin
997 2295 1025 2362 is
1047 2297 1165 2379 partim
1188 2315 1264 2362 usus

103 2399 144 2465 sit
160 2405 314 2466 contextu
329 2397 435 2463 minus
450 2402 598 2481 corrupto
621 2395 725 2462 libelli
747 2393 907 2463 Athenaei
930 2396 981 2474 (oi.
993 2395 1068 2463 adn.
1079 2396 1122 2463 ad
1134 2416 1165 2480 p.
1178 2398 1265 2479 282),

105 2499 255 2568 sednon
283 2500 360 2566 lieet
388 2497 565 2566 seeundum
592 2498 683 2564 illum
712 2499 810 2582 plane
841 2497 1009 2565 immutare
1043 2496 1263 2582 Athenaeum,

103 2603 179 2669 satis
202 2603 303 2686 igitur
326 2599 431 2667 habeo
454 2598 616 2668 indicasse
639 2600 686 2666 eis
709 2600 819 2666 verbis
834 2599 1005 2683 Athenaei,
1029 2619 1113 2684 quae
1136 2606 1265 2668 exstant

102 2723 132 2787 p.
149 2705 354 2786 29,9—31,5,
377 2702 575 2785 respondere
596 2701 685 2786 apud
707 2704 811 2768 Anon.
835 2722 919 2786 quae
941 2702 1080 2785 legimus
1102 2723 1134 2785 p.
1158 2705 1264 2767 263-

102 2806 153 2888 64,
168 2811 217 2888 11,
234 2825 331 2889 porro
344 2805 402 2886 eis,
415 2823 499 2887 quae
510 2804 697 2871 Athenaeus
708 2803 807 2870 tradit
819 2825 850 2888 p.
864 2805 914 2886 32,
928 2805 1043 2886 3-33,
1061 2807 1090 2888 3,
1101 2804 1264 2888 Anonymi

102 2907 210 2991 verba,
235 2925 319 2990 quae
342 2912 471 2974 exstant
490 2927 522 2990 p.
539 2908 612 2989 268,
628 2909 745 2988 9—70,
763 2909 791 2971 7.
836 2906 894 2989 Ea,
918 2925 1000 2988 quae
1023 2925 1055 2990 p.
1072 2908 1264 2993 37,4-38,e

100 3010 358 3093 praecipiuntur,
390 3009 517 3075 faeilius
551 3015 783 3091 pernoscuntur
813 3008 976 3090 Anonymi
1004 3008 1113 3076 verbis
1136 3009 1263 3076 collatis

102 3129 184 3193 quae
206 3111 346 3194 legimus
369 3130 401 3194 p.
418 3112 608 3191 toas—16.

187 3213 240 3279 De
262 3211 431 3280 Athenaeo
462 3210 544 3277 nihil
566 3213 725 3295 reliquum
749 3217 798 3278 est
820 3211 908 3294 quod
930 3210 1068 3292 addam
1097 3231 1199 3279 aene
1221 3211 1263 3279 de

102 3312 250 3381 Vitruvio
267 3315 398 3398 quidem
414 3312 591 3397 quidquam
608 3319 717 3396 restat,
741 3313 804 3380 nisi
826 3319 861 3378 ut
883 3333 1042 3398 moneam,
1067 3315 1171 3397 qualis
1194 3315 1262 3381 eius

102 3416 143 3481 sit
170 3415 270 3491 fides,
300 3416 423 3500 quippe
456 3415 512 3499 qui
542 3415 648 3499 ipsum
671 3433 707 3481 se
729 3415 911 3497 inspexisse
935 3416 1151 3499 simulaverit,
1183 3435 1263 3500 quos

103 3535 144 3582 ex
159 3516 362 3600 Agesistreto
379 3522 576 3600 cognoverat
598 3522 745 3583 auetores
769 3522 802 3582 et
824 3537 1019 3601 quamquam
1043 3522 1087 3602 (p.
1104 3520 1133 3601 2,
1147 3522 1167 3582 4
1179 3521 1263 3602 sqq.)

103 3617 244 3686 affirmat
263 3612 312 3686 ‘se
333 3618 377 3686 ad
403 3620 647 3703 apparationem
676 3617 878 3685 ballistarum
908 3625 941 3685 et
962 3619 1167 3701 scorpionum
1190 3621 1263 3686 reli·

104 3738 304 3804 quorumque
319 3726 549 3787 tormentorum
565 3719 773 3786 relectionem
788 3721 888 3787 fuisse
910 3711 1054 3804 praesto’
1073 3719 1115 3788 de
1136 3722 1262 3788 bellicis

103 3821 261 3889 machinis
284 3821 402 3890 dooere
424 3822 563 3889 nescivit
584 3821 647 3887 nisi
670 3820 795 3888 Graeco
817 3829 949 3889 auctore
971 3822 1014 3889 ed
1038 3824 1171 3890 verbum
1194 3824 1263 3890 fere

104 3941 268 4008 expresso.

587 4061 789 4070 --—-—-·
