3170 4984
306 375 368 434 302
741 369 943 425 Maximilianus
962 369 1041 425 Thlel

305 567 403 632 quam
438 565 479 612 ex
508 545 647 612 diversis
676 544 819 611 fontibus
846 543 983 610 collecta
1011 541 1199 608 Athenaeus
1229 542 1378 626 exponit,
1412 543 1468 606 nni

305 649 430 716 auctori
446 663 519 714 enm
542 644 678 730 debere;
702 646 766 712 ianr
790 645 917 713 exsistit
940 635 1086 727 quaestio
1109 649 1215 710 utrum
1237 644 1343 728 prima
1365 645 1468 712 verba

302 745 410 834 ‘apros‘
425 747 485 832 μὲν
501 745 645 834 ἔφασκεν
661 749 716 825 (sc.
729 738 1006 831 Ἀγησίστρατος)
1024 738 1205 830 εὑρεθῆναι
1221 793 1229 810 .
1246 795 1253 812 .
1271 796 1279 812 .
1295 793 1304 810 .
1320 750 1363 830 (p.
1376 751 1406 829 9,
1418 738 1465 824 4)’

306 851 477 920 tribuenda
499 851 563 917 sint
584 849 746 916 Athenaei
768 846 859 932 fonti,
884 853 919 913 ut
940 867 982 914 nc
997 847 1234 932 Agesistratum
1257 846 1390 931 quidem
1411 847 1469 912 ille

306 953 500 1038 inspexerit,
530 971 572 1018 an
602 951 650 1018 sic
679 969 731 1017 res
760 968 795 1016 sc
824 949 959 1033 habeut,
988 955 1024 1014 ut
1046 948 1234 1016 Athenaeus
1257 949 1375 1032 legerit
1397 949 1468 1033 ipse

197 1097 200 1106 ·
305 1054 393 1140 apud
408 1054 643 1138 Agesistratum
657 1045 763 1136 ’κριὸς
778 1050 838 1133 μὲν
862 1044 984 1137 εὑρέθη
1002 1100 1009 1115 .
1027 1100 1035 1117 .
1053 1099 1060 1116 .
1079 1042 1098 1116 .’
1125 1057 1158 1117 et
1178 1049 1298 1116 reserat
1320 1049 1383 1118 hoc
1398 1071 1469 1118 ora·

305 1158 392 1223 tione
407 1155 549 1238 obliqua.
586 1152 731 1220 Solvitur
748 1154 895 1237 quaestio
918 1171 991 1219 mco
1014 1151 1145 1236 quidem
1168 1151 1289 1219 iudicio
1313 1154 1361 1219 eis
1385 1172 1469 1236 quac

305 1257 381 1324 inde
410 1276 431 1323 a
458 1277 491 1341 p.
508 1257 573 1339 7,ss
600 1255 804 1322 antecedunt.
847 1255 933 1321 Nam
964 1273 1160 1338 quamquam
1188 1273 1247 1338 per
1269 1272 1304 1322 se
1333 1255 1470 1338 cogitari

305 1365 413 1445 potest
440 1377 481 1425 ne
510 1357 612 1424 verba
635 1357 766 1440 quidem
789 1360 832 1442 (7,
857 1360 888 1438 8)
909 1348 1187 1440 ῐἀναγκαιότατον
1216 1353 1276 1437 μὲν
1300 1339 1357 1420 οὖν
1381 1347 1471 1420 ‹irro-

307 1465 466 1547 φαίνεται
477 1457 536 1538 (sc.
545 1450 673 1544 Ἁγησ.)
687 1449 773 1524 εἶναι
789 1457 967 1543 ἐμπειρίαν
982 1459 1143 1543 γραμμῶν
1155 1450 1254 1538 ἔχειν’
1266 1457 1471 1526 Athenaeum

305 1564 445 1648 primunr
461 1560 638 1645 scripsisse,
662 1562 721 1628 sed
737 1562 806 1630 eins
821 1567 994 1646 auctorem,
1017 1560 1153 1646 impedit
1168 1567 1277 1628 tamen
1291 1560 1358 1626 alia
1373 1561 1470 1626 ratio-

306 1664 441 1731 cinatio:
469 1664 675 1748 applicantur
702 1665 795 1730 brevi
817 1669 892 1747 post
914 1664 1003 1742 (inde
1025 1684 1046 1729 a
1067 1681 1098 1747 p.
1115 1665 1145 1748 8,
1162 1665 1192 1740 5)
1215 1661 1330 1728 laudes
1352 1662 1470 1745 Agesi-

306 1766 408 1848 strati‚
421 1765 547 1848 quibus,
558 1771 593 1831 nt
605 1766 670 1831 iam
682 1783 781 1849 snpra
792 1768 834 1849 (p.
846 1766 920 1845 300)
933 1765 1085 1848 diximus,
1098 1765 1324 1849 comprobetur
1336 1762 1471 1848 dignum

308 1888 381 1934 eum
397 1885 478 1950 esse,
502 1867 562 1934 cui'
570 1866 613 1933 de
627 1869 707 1934 artis
722 1867 932 1936 mechanicae
954 1868 1137 1952 praeceptis
1160 1865 1351 1934 confidatur.
1385 1865 1469 1930 Num

306 1975 454 2052 putemus
483 1967 667 2036 faciendum
696 1969 759 2036 boc
787 1970 893 2036 visum
917 1988 989 2036 esse
1012 1970 1058 2053 ei,
1088 1970 1144 2052 qui
1166 1989 1230 2036 non
1252 1967 1348 2051 plura
1371 1987 1468 2050 qnam

307 2089 390 2154 quae
412 2089 444 2153 p.
461 2070 491 2152 9,
508 2072 624 2151 3-10,
643 2075 681 2136 10
705 2071 794 2156 apud
816 2069 1020 2138 Athenaeum
1049 2072 1188 2154 legimus
1211 2087 1253 2135 ex
1274 2069 1470 2153 Agesistrati

306 2171 390 2238 libro
413 2171 625 2256 repetiverit?
669 2173 844 2240 Praeterea
866 2179 974 2240 autem
996 2173 1054 2240 vix
1076 2173 1154 2240 licet
1176 2191 1226 2256 ea,
1250 2190 1334 2254 quae
1356 2191 1390 2254 p.
1408 2173 1469 2256 7,8

309 2276 416 2357 -9,3
447 2277 593 2357 exstant,
621 2274 665 2340 ab
694 2274 906 2341 antecedente
928 2275 1129 2359 praefatione
1159 2272 1321 2340 Athenaei
1355 2273 1470 2340 dissol-

307 2393 398 2441 vere:
420 2393 495 2440 nam
509 2393 574 2441 non
590 2377 694 2442 solum
710 2378 939 2444 sententiarum
956 2378 1039 2444 serie
1055 2376 1137 2444 baec
1160 2395 1233 2443 cum
1255 2375 1322 2442 illis
1344 2393 1470 2442 conexa
1568 2413 1569 2436 r

308 2483 391 2562 sunt,
414 2474 474 2544 sed
489 2479 692 2560 cognoscitur
707 2479 804 2545 etiam
824 2479 974 2547 dictionis
998 2477 1186 2546 similitudo.
1230 2477 1344 2560 Itaque
1366 2479 1470 2562 ipsius

307 2577 469 2646 Athenaei
488 2597 559 2646 esse
577 2579 686 2647 indico
702 2572 1071 2664 illud‘evaynartwwv
1086 2572 1321 2665 ἀποφαίνεται
1332 2571 1469 2665 Ἀγησί-

309 2671 463 2763 στρατος’
492 2685 524 2746 et
552 2680 634 2746 illud
653 2675 759 2761 ‘acria
791 2679 936 2768 ἔφασκεν
959 2674 1153 2770 εὑρεθῆναί
1180 2687 1213 2749 et
1235 2682 1341 2767 ipsum
1363 2683 1469 2766 inspe·
1567 2701 1568 2718 ¹

308 2783 396 2849 uisse
410 2782 605 2865 Agesistrati
619 2783 737 2850 librum
761 2790 794 2850 et
815 2805 879 2852 uno
903 2805 942 2854 eo
964 2806 1057 2854 usum
1080 2805 1152 2852 esse
1174 2785 1288 2864 fonte„
1318 2783 1375 2851 Sic
1398 2803 1470 2851 curn

308 2885 450 2968 oportuit
472 2883 709 2966 Agesistratum
737 2885 889 2953 laudibus
919 2887 1048 2971 efferre3
1083 2886 1159 2954 huic
1192 2886 1372 2954 sententiae
1406 2886 1471 2952 alia

309 3005 437 3070 quoquo
458 2983 585 3052 favent:
614 2987 818 3054 consentiunt
846 3006 931 3071 quae
956 2990 1118 3057 Athenaei
1147 2989 1270 3055 auctori
1300 2987 1470 3054 tribuimus

309 3088 409 3155 verba
436 3088 480 3171 (p.
497 3089 548 3169 31,
564 3089 595 3164 6)
617 3079 711 3174 (περὶ
735 3085 771 3152 δὲ
792 3082 987 3174 ὑπορύξεων
1003 3137 1011 3152 .
1028 3139 1036 3160 .
1053 3140 1062 3158 .
1078 3139 1088 3158 .
1103 3081 1311 3175 γεγραφότος
1333 3081 1472 3172 Πύρρον

310 3187 343 3254 ἐν
370 3199 442 3264 τοῖς
468 3187 738 3274 πολιορκητικοῑς
767 3181 825 3254 οὐκ
852 3187 1017 3276 ἔκρινον
1045 3203 1117 3268 τοῖς
1145 3190 1255 3266 καλῶς
1285 3188 1471 3278 εἰρημένοις

309 3283 370 3356 ὑπ’
407 3286 508 3356 αὐτοῦ
538 3281 739 3374 ἀντιλέγειν·
773 3281 859 3376 ὅπερ
888 3289 968 3370 τοὺς
990 3287 1172 3368 πλελστοος
1194 3285 1264 3376 ὁρῶ
1286 3294 1470 3367 ποιοῦντας

310 3391 344 3458 ἐν
366 3404 437 3469 τοῖς
460 3383 737 3478 ἐπιτηδεύμασιν
756 3414 828 3462 cum
842 3395 1037 3479 Agesistrati
1061 3395 1147 3479 quod
1170 3395 1270 3462 refert
1283 3393 1471 3461 Athenaeus

310 3498 401 3580 (pb,
420 3495 452 3577 1)
473 3503 649 3579 praecepto
669 3488 755 3571 ‘acic
783 3492 846 3579 γὰρ
873 3496 983 3573 καλῶς
1011 3490 1183 3578 εὑρεθεῖσι
1205 3493 1371 3572 πολλάκις
1392 3519 1469 3580 χρη-

311 3599 408 3660 στέον
422 3596 479 3660 καὶ
497 3586 554 3659 οὐκ
577 3592 763 3672 ἐκπαντὸς
785 3589 913 3681 τρόπου
936 3588 1228 3683 καινοτομητέον’,·
1250 3597 1417 3666 Vitruvius
1439 3598 1470 3662 in

311 3699 369 3764 illa
397 3697 697 3766 mathematicorum
729 3701 970 3768 enumeratione
997 3700 1234 3784 Agesistratum
1263 3699 1377 3766 ultimo
1400 3700 1470 3766 loco
1563 3749 1564 3754 η

311 3799 421 3883 affert;
456 3799 602 3868 Rhodios
637 3800 768 3884 quidem
799 3822 858 3868 sex
892 3803 1036 3869 eiusdem
1070 3803 1208 3870 nominis
1241 3802 1344 3868 titulis
1378 3800 1469 3876 (0.1.

311 3901 367 3968 Gr.
385 3902 449 3969 Ins.
465 3901 503 3979 Ι.)
528 3903 762 3986 cognoscimus,
786 3904 829 3969 ad
844 3903 1007 3972 Rhodium
1022 3911 1131 3971 autem
1146 3909 1310 3971 auctorem
1333 3921 1470 3970 commo·

311 4003 446 4070 dissime
461 4004 641 4072 referuntur
656 4025 741 4088 quae
764 4004 806 4071 de
821 4005 958 4074 Rhodiis
982 4009 1116 4092 copiose
1138 4006 1304 4073 Vitruvius
1327 4011 1470 4084 enarrat3

311 4105 390 4188 quid
413 4125 490 4172 vero
515 4106 601 4188 quod
624 4108 817 4190 Agesistrati
840 4110 1028 4193 magistrum
1052 4106 1239 4176 Athenaeus
1265 4127 1296 4191 p.
1321 4108 1351 4188 8,
1367 4107 1470 4170 9-13
