3170 4984
315 387 377 446 256
795 384 859 441 Otto
878 384 1007 442 Bochauh

313 561 421 645 Atque
444 564 552 626 cetera
574 559 723 644 quidem,
753 578 837 644 quae
860 559 943 625 inter
965 559 1132 642 utriusque
1154 560 1357 626 narrationes
1380 559 1482 626 inter-

315 663 443 746 cedunt,
467 661 657 729 discrimina
671 681 755 728 nunc
770 661 886 727 iterum
909 679 1073 745 exponere
1097 679 1178 744 opus
1201 680 1266 726 non
1289 665 1355 744 est3
1377 680 1482 726 unum

314 770 423 831 autem
446 783 488 830 ex
511 764 569 848 eis,
593 783 635 829 ex
658 783 722 847 quo
744 763 818 848 plus
842 763 940 828 etiarn
963 763 1093 829 videtur
1115 763 1227 846 colligi
1249 781 1356 846 posse,
1379 763 1483 829 liceat
1573 755 1574 768 ¹

314 873 470 950 repetere.
515 865 666 933 Conclusi
689 866 776 931 euim
798 884 841 931 ex
858 862 1025 930 Plutarchi
1047 865 1206 932 relatione
1228 865 1378 949 quamvis
1403 885 1481 931 con·
1573 875 1574 920 1

315 970 383 1036 cisa
413 989 486 1036 eum
508 967 659 1052 Dionysii
681 966 865 1033 narratione
888 971 1076 1050 comparata
1097 967 1262 1034 Antiatem
1284 967 1480 1032 memoriam
1573 1019 1574 1050 ,

314 1072 443 1138 illorum
469 1089 625 1136 annorum
655 1068 741 1136 hunc
769 1069 803 1133 in
831 1067 964 1134 modum
993 1069 1225 1154 interpolasse,
1253 1075 1288 1134 ut
1309 1067 1481 1134 Valerium
1573 1055 1574 1130 J

313 1174 407 1240 illum
422 1173 613 1240 dictatorem
628 1172 705 1238 anni
724 1171 863 1250 aeoliae
885 1171 1032 1256 patriciis
1054 1191 1180 1238 summo
1203 1190 1302 1255 opere
1325 1171 1480 1238 resisten-
1573 1163 1574 1250 J

313 1275 400 1342 tibus
428 1275 535 1359 plebis
564 1275 716 1341 miseriae
745 1273 915 1340 consulere
940 1274 1058 1340 frustra
1081 1279 1248 1357 conatum,
1278 1293 1351 1340 cum
1375 1279 1481 1340 totum
1573 1331 1574 1364 ,

315 1379 493 1444 exercitum
515 1376 557 1443 de
580 1376 681 1460 signis
705 1375 896 1458 dimisisset,
925 1381 994 1441 tum
1023 1374 1154 1442 demum
1178 1375 1339 1441 dictatura
1361 1395 1398 1442 se
1421 1376 1479 1442 ab·
1573 1409 1574 1430 ι

314 1481 443 1546 dicasse
458 1484 613 1546 narraret.
644 1477 683 1544 Id
706 1497 834 1563 quoque
857 1478 922 1544 iam
946 1477 1083 1561 exposui
1105 1477 1201 1543 Livio
1223 1483 1357 1545 auctore
1372 1483 1479 1544 toturn

315 1583 493 1650 exercitum
528 1587 596 1646 turn
630 1581 690 1646 snb
720 1581 859 1664 imperio
887 1580 1096 1664 remansisse,
1131 1579 1292 1664 Dionysio
1326 1585 1480 1664 quattuor
1573 1623 1574 1648 ι

314 1685 481 1752 dictatoris
502 1685 649 1766 legiones
673 1681 834 1766 dimissas,
857 1701 916 1749 sex
939 1682 1013 1748 illas
1036 1683 1204 1749 consulum
1226 1688 1370 1748 retentas
1393 1703 1478 1750 esse.

313 1787 405 1868 Quae
421 1807 493 1853 eum
509 1792 574 1852 tres
589 1785 654 1852 sint
675 1785 850 1852 relationes
873 1784 1034 1870 diversae,
1057 1785 1086 1852 si
1109 1804 1249 1869 quonam
1273 1785 1387 1852 ordine
1411 1787 1480 1853 alia

314 1909 357 1957 ex
379 1890 445 1955 alia
466 1891 554 1956 faeta
574 1887 608 1954 in
630 1887 802 1954 annalibus
824 1887 979 1953 Romanis
1009 1887 1208 1970 exstiterint,
1238 1889 1386 1971 quaeris,
1418 1909 1479 1973 per

314 2012 349 2060 se
379 1993 577 2075 intellegitur
605 2011 670 2056 non
696 1991 779 2056 bene
802 2009 997 2072 quemquam
1020 1989 1239 2056 coniecturum
1263 2009 1335 2057 esse
1359 2011 1403 2056 ex
1425 1991 1479 2056 Li·

314 2095 412 2161 viana
434 2094 678 2179 Dionysianam,
703 2113 744 2160 ex
766 2091 970 2176 Dionysiana
981 2090 1188 2158 Valerianam
1204 2111 1276 2159 esse
1291 2091 1479 2160 deductam.

313 2197 415 2264 Immo
444 2198 513 2263 sine
542 2193 641 2262 dubio
663 2195 857 2261 Valerius
879 2193 1042 2277 Antias,
1072 2200 1108 2260 ut
1130 2195 1333 2261 Valeriorum
1362 2197 1479 2264 laudes
1573 2267 1574 2282 ἶ

314 2300 489 2384 populares
504 2304 648 2384 augeret,
672 2317 714 2364 ex
729 2317 769 2364 ea
784 2298 852 2364 tere
871 2297 1029 2363 memoria
1050 2297 1224 2381 profectus,
1249 2318 1346 2382 quam
1362 2299 1479 2366 Liuius
1573 2365 1574 2378 ,

313 2403 359 2481 (ΙΙ
374 2405 428 2481 32)
451 2401 629 2469 exercitum
658 2401 718 2466 sub
745 2399 846 2482 signis
875 2404 1035 2464 retentum
1064 2417 1136 2466 esse
1164 2416 1298 2467 narrans
1320 2401 1479 2488 reddidit,

312 2505 467 2589 primus
496 2503 653 2570 milites
676 2501 873 2568 dimissos
896 2521 987 2568 esse
1009 2501 1146 2567 finxit.
1191 2503 1274 2568 Tum
1295 2505 1381 2572 alius
1405 2508 1479 2589 quis

313 2608 465 2691 scriptor,
490 2626 562 2673 eum
589 2607 623 2671 iu
645 2604 785 2670 Antiatis
808 2604 979 2670 annalibus
1002 2605 1181 2671 exercitum
1203 2604 1415 2694 dissolutum,
1446 2609 1479 2674 in

313 2708 548 2792 antiquioribus
563 2706 673 2775 nescio
697 2707 814 2791 quibus
837 2706 1003 2773 etiamtum
1025 2706 1146 2773 milites
1169 2715 1371 2776 sacramento
1395 2711 1477 2777 obli·
1573 2731 1574 2796 j

313 2819 406 2895 gatos
421 2812 521 2878 fuisse
537 2811 690 2894 scriptum
710 2810 898 2892 invenisset,
922 2808 1047 2876 duabus
1066 2807 1118 2878 his
1140 2811 1379 2878 narrationibus
1402 2833 1478 2880 con·
1573 2797 1574 2834 ³

313 2915 394 2982 fusis
421 2933 493 2980 eam
518 2913 587 2980 iere
614 2911 775 2996 condidit,
805 2931 902 2996 quarn
927 2911 1103 2996 Dionysius
1126 2911 1267 2980 exhibet
1312 2914 1420 2998 Ergo
1450 2917 1478 2983 si
1573 2895 1574 2976 ζ

314 3015 397 3082 haee
432 3017 515 3082 bene
544 3020 618 3082 sunt
648 3015 828 3098 disputata,
858 3013 1086 3098 Dionysius
1121 3035 1197 3080 non
1232 3017 1366 3100 ipsum
1399 3017 1476 3086 Va·
1573 3001 1574 3080 ξ

313 3120 463 3186 lerium
499 3117 728 3202 Antiatem,
771 3122 812 3181 at
848 3122 983 3182 tamen
1019 3117 1229 3183 annalium
1273 3120 1477 3203 quendam
1573 3129 1574 3182 l

313 3222 576 3305 scriptorem,
606 3219 676 3304 qui
698 3217 881 3284 Antiatis
910 3219 1082 3285 annales
1110 3218 1382 3305 adhibuerat,
1412 3243 1477 3290 se·

313 3329 432 3391 cutus
456 3329 526 3391 est.
571 3322 655 3388 Nam
678 3320 872 3404 Dionysium
895 3320 1001 3404 ipsum
1024 3327 1114 3387 tauta
1135 3320 1275 3390 audacia
1296 3345 1391 3391 nsum
1414 3326 1478 3392 Ro·
1573 3333 1574 3348 ¹

312 3446 481 3492 manorum
497 3424 666 3492 historiam
681 3424 867 3490 immutasse
882 3442 1013 3505 prorsus
1029 3422 1221 3492 incredibile
1237 3431 1295 3491 est.
1330 3426 1478 3494 Pertinet

313 3534 422 3593 autem
445 3526 527 3594 haec
544 3525 781 3608 argumentatio
806 3543 848 3590 ex
864 3523 1030 3591 Plutarchi
1049 3516 1250 3594 ‘Coriolano'
1270 3528 1411 3611 repetita
1433 3529 1477 3596 ad

313 3629 508 3712 Dionysii
530 3628 671 3712 capita
694 3625 745 3693 VI
767 3631 905 3712 40-45,
932 3631 958 3692 l.

313 3805 453 3885 α’γαθὴν
471 3809 509 3870 οὐ
527 3821 603 3878 τοῖς
620 3812 834 3886 πατρικίοις
858 3805 936 3867 οὐδὲ
953 3819 1032 3876 τοῖς
1050 3810 1220 3869 ἱππεῦσιν
1236 3809 1476 3886 ἐχαρισάμην,

313 3892 399 3956 ἀλλὰ
418 3907 495 3964 τοῖς
512 3891 669 3971 οἷπόροις
685 3891 964 3966 ὖμῶνδιένειμα·
983 3892 1062 3954 araldo*
1074 3892 1199 3967 μάλιστα
1211 3917 1262 3965 μοι
1274 3897 1327 3968 τὴν
1339 3900 1477 3971 πλείστην

312 3975 508 4055 ἀγανάκτησιν
519 3983 672 4056 παρέσχεν,
692 3973 749 4039 ὅτι
767 3984 915 4048 πλείους
932 3976 950 4054 ἢ
967 3974 1201 4055 τετρακόσιοι
1217 3977 1347 4054 ἄνδρες
1364 3981 1404 4039 ἐκ
1415 3987 1476 4042 τοῦ

314 4063 426 4140 δῆμον
452 4077 530 4135 τοῖς
556 4068 704 4126 ἱππεῦσι
731 4066 1078 4139 προσκατελέγησαν
1104 4064 1163 4124 ἐπὶ
1189 4071 1249 4138 τῆς
1272 4073 1476 4140 στρατολο·

312 4156 395 4226 νίας
411 4155 502 4228 βίον
519 4147 795 4227 εὐπορήσαντες.
