3318 4970
500 407 542 462 De
559 405 665 476 legione
682 405 865 462 Romanorum
883 405 904 461 1.
924 405 1072 461 Adiutrice.
1312 405 1349 463 11

198 579 371 650 classiariis
394 579 555 664 legionem
576 579 601 645 1.
624 579 833 645 adiutricem.
875 579 973 646 (iuius
996 581 1096 646 verba
1118 581 1146 646 si
1169 579 1352 664 discrepant

201 706 272 752 cum
288 683 403 750 Dionis
420 683 537 764 verbis,
560 682 661 748 utrius
677 681 860 748 testimonio
881 682 983 748 maior
998 681 1079 748 fides
1095 681 1265 748 tribuenda
1280 682 1352 749 est?

201 787 314 853 Diouis
337 784 454 852 Graeci
476 804 581 851 rerum
604 785 769 867 scriptoris
791 804 832 850 an
848 784 953 850 Taciti
969 783 1130 851 Romani?
1159 784 1273 867 Taciti,
1296 785 1353 868 qui

198 888 336 955 Neronis
352 887 420 953 fere
434 887 581 969 aequalis
595 886 664 969 fuit,
680 906 722 952 au
737 885 861 971 Dionis,
877 887 932 968 qui
948 893 1073 953 centum
1089 886 1157 952 fere
1172 886 1264 952 aunis
1279 892 1353 970 post

199 997 293 1058 uatus
315 989 386 1056 est?
423 987 495 1066 Qua
516 989 549 1053 iu
572 989 764 1072 optimorum
788 993 951 1055 auctorum
968 988 1185 1071 discrepantia
1206 985 1249 1054 ad
1271 988 1352 1054 alios

200 1092 422 1176 confugiamus
444 1110 549 1158 rerum
572 1091 743 1173 scriptores
765 1108 897 1156 necesse
921 1095 977 1156 est.

286 1194 336 1261 De
358 1195 454 1260 rebus
477 1194 602 1258 illorum
625 1198 814 1277 temporum,
838 1197 990 1275 quantum
1012 1190 1055 1257 ad
1078 1210 1145 1257 rem
1169 1211 1259 1260 suam
1282 1210 1351 1276 per·

201 1296 334 1380 tinebat,
357 1315 414 1362 suo
430 1295 564 1377 quisque
581 1313 669 1362 more
686 1295 782 1360 etiam
799 1293 972 1360 Suetonius
995 1297 1026 1359 et
1041 1292 1232 1360 Plutarchus
1255 1294 1352 1376 scrip·

203 1403 321 1479 serunt,
344 1415 479 1480 quorum
494 1395 683 1462 testimoniis
705 1396 738 1480 ii,
762 1397 817 1478 qui
833 1395 946 1463 Dionis
962 1394 1063 1461 verba
1085 1395 1127 1459 ad
1150 1393 1234 1460 banc
1256 1413 1351 1477 quae·

202 1499 338 1564 ationem
360 1496 601 1564 diiudicandum
616 1497 789 1581 plurimum
805 1497 915 1563 valere
930 1495 1135 1581 contendunt,
1157 1502 1296 1580 utuntur,
1320 1503 1355 1562 ut

203 1597 913 1683 suamseutentiamprobabilioremreddant.
943 1597 1082 1665 Oeusent
1097 1599 1182 1665 euim
1193 1599 1354 1683 legionem

203 1701 381 1785 Hispanam
405 1702 493 1779 (Tae.
517 1700 588 1766 hist.
605 1701 621 1766 Ι
637 1703 668 1776 6)
691 1701 827 1767 eandem
858 1719 929 1768 esse
951 1707 1047 1784 atque
1070 1701 1095 1766 l.
1118 1701 1355 1777 adiutricem.¹)

203 1803 251 1870 Ac
272 1822 313 1868 ne
336 1803 520 1886 quisdicat,
543 1804 572 1870 si
587 1804 633 1869 ita
654 1823 705 1870 res
728 1823 763 1870 se
778 1803 921 1887 haberet,
945 1802 1025 1868 duas
1042 1803 1187 1886 legiones
1203 1804 1354 1871 classicae

202 1906 324 1971 Romae
347 1911 414 1970 tum
436 1905 549 1990 fuisse,
572 1905 731 1972 affirmare
754 1905 882 1973 student
903 1905 1041 1972 Neronis
1063 1905 1224 1988 legionem
1246 1906 1354 1972 classi-

204 2027 275 2073 cam
298 2006 438 2074 aGalba
460 2007 572 2072 urbem
595 2009 732 2074 intrante
753 2007 892 2074 deletam
915 2026 996 2074 esee.
1033 2007 1146 2090 Itaque
1162 2027 1355 2091 quamquam

203 2110 309 2176 Taciti
324 2109 546 2175 auctoritatem
569 2112 697 2177 omuino
720 2130 783 2176 nou
804 2110 988 2193 neglegunt,
1012 2114 1119 2176 tamen
1141 2111 1235 2176 aliter
1256 2109 1357 2175 verba

206 2211 452 2297 interpretantur
473 2231 513 2278 ac
534 2232 602 2279 nos.
640 2214 746 2296 Atque
768 2211 811 2278 ad
833 2231 924 2278 suam
940 2213 1130 2278 sententiam
1147 2212 1354 2296 comproban-

205 2310 278 2378 dam
302 2312 474 2381 Plutarcho
498 2321 530 2379 ct
545 2313 708 2396 Suetonio,
732 2321 766 2380 ut
788 2314 867 2396 dixi,
892 2313 984 2397 quasi
1004 2315 1139 2381 testibus
1155 2314 1356 2398 gravioribus

204 2421 341 2481 utuntur.
386 2413 452 2482 Sed
482 2416 554 2501 ipsa
582 2421 748 2483 auctorum
779 2416 906 2482 illorum
936 2415 1037 2482 verba
1058 2435 1222 2500 apponere
1244 2416 1356 2482 liceat:

205 2599 287 2654 huius
302 2597 415 2666 legionis
433 2603 576 2654 ueteranos
594 2614 655 2655 esse
672 2599 777 2654 missos.
807 2597 854 2652 Sin
867 2601 957 2652 autem
975 2614 1031 2654 rem
1048 2599 1101 2654 isto
1120 2598 1199 2653 modo
1217 2596 1358 2653 rehabere

208 2699 335 2751 negamus
353 2688 380 2738 et
391 2682 488 2737 Dionis
506 2683 646 2738 tetimonio
664 2684 756 2752 utique
769 2682 851 2737 fidem
868 2683 1019 2739 attribuere
1035 2685 1169 2748 volumus,
1187 2682 1280 2738 eodem
1297 2682 1358 2736 iure

210 2769 404 2824 confirmaverit
424 2767 559 2836 quispiam
578 2768 711 2822 Othonem
734 2768 865 2836 legionem
882 2767 904 2823 1.
917 2767 979 2824 Adi.
1003 2769 1197 2838 conscripsisse
1215 2768 1276 2822 loco
1294 2767 1357 2821 Plu·

207 2853 295 2908 turchi
313 2854 340 2907 in
359 2852 414 2907 ulta
427 2851 543 2908 Othonis
555 2852 640 2920 nisus,
659 2853 706 2907 ubi
716 2853 744 2907 in
757 2868 816 2922 cap.
832 2857 863 2907 12
881 2853 1010 2910 traditur:
1028 2848 1088 2926 ἡδὲ
1102 2849 1228 2920 Ὄθωνος
1239 2850 1359 2926 βοηθός.

293 2945 316 3007 1)
334 2938 483 2994 Groteiend
495 2937 627 3007 imprimis
639 2954 700 2993 cum
712 2938 842 3007 legionem
854 2939 876 2993 1.
889 2939 951 2994 adi.
970 2954 987 2994 a
1000 2939 1087 2995 Galba
1104 2940 1132 2993 in
1144 2939 1277 3008 Hispania
1294 2952 1358 2995 con·

207 3024 336 3093 scriptum
353 3037 413 3078 esse
432 3037 465 3076 ex
484 3023 612 3078 militibus
632 3023 790 3090 classiariis,
815 3023 861 3092 qui
878 3039 895 3077 a
912 3023 1021 3079 Nerone
1040 3029 1134 3080 contra
1153 3023 1266 3078 Galbam
1286 3021 1361 3076 missi

205 3109 319 3163 adeum
337 3107 511 3172 defecissent,
534 3108 680 3163 contendat
703 3109 749 3174 (ei.
768 3109 820 3163 Dio
839 3113 881 3174 te,
894 3113 939 3163 hl:
963 3108 1066 3182 Νέρων
1087 3103 1138 3166 ἐπ’
1161 3106 1287 3173 ἐκείνους
1310 3111 1358 3170 (sc.

164 3249 167 3262 ,
206 3193 321 3248 Galbam
342 3198 370 3247 et
393 3193 504 3259 Rufum)
522 3185 672 3268 Ῥούβριον
694 3189 809 3252 Γάλλον
830 3197 879 3250 καὶ
901 3189 1005 3261 ἄλλους
1028 3194 1107 3260 τινὰς
1130 3189 1282 3265 ἔπεμψεν),
1306 3207 1361 3246 non

204 3284 279 3333 recte
297 3278 450 3347 disputasse
468 3278 581 3334 ridetur.
611 3279 680 3333 Nam
693 3281 744 3334 etsi
756 3279 958 3335 concedendum
977 3285 1019 3335 est
1035 3295 1088 3346 res,
1107 3294 1176 3348 quae
1187 3279 1215 3332 ln
1228 3276 1360 3346 Hispania

207 3367 285 3431 gesta
297 3368 370 3431 sunt,
388 3362 423 3418 ad
436 3363 550 3420 classem
563 3365 743 3420 Misenensem
755 3364 915 3434 pertinuisse
933 3365 979 3430 (ci.
992 3365 1085 3432 Veget.
1098 3369 1122 3417 4.
1136 3366 1177 3429 31,
1190 3362 1267 3416 cuius
1279 3362 1361 3416 rerba

207 3449 236 3502 in
250 3447 312 3503 adn.
329 3453 353 3503 1.
366 3465 394 3518 p.
409 3454 448 3503 19.
462 3448 627 3515 laudantur),
645 3457 734 3504 tamen
747 3451 869 3518 equidem
881 3466 935 3505 uon
947 3448 1080 3516 intellego,
1099 3448 1144 3516 qui
1154 3448 1257 3502 iactum
1270 3446 1313 3512 sit,
1331 3451 1362 3500 ut

206 3539 248 3589 tot
265 3534 372 3588 classici
388 3533 485 3589 milites
503 3535 532 3588 in
544 3534 702 3604 Hispaniam
720 3535 849 3602 uenerint,
868 3537 935 3604 quot
951 3534 986 3589 ad
999 3533 1129 3603 legionem
1142 3530 1361 3588 constituendam

206 3618 355 3674 necessarii
372 3624 458 3684 erant,
477 3622 504 3674 et
521 3633 603 3674 nares
622 3635 729 3690 quoque
747 3636 825 3675 suum
844 3635 985 3675 numerum
1002 3619 1144 3674 haberent.
1181 3618 1271 3673 Etiam
1289 3617 1361 3688 quod

208 3704 357 3759 Groteiend
369 3705 487 3759 Annium
505 3705 638 3774 quendam
656 3707 770 3774 primum
788 3706 905 3773 legatum
917 3705 1031 3774 legionis
1048 3705 1140 3768 fuisse,
1159 3707 1187 3760 et
1205 3703 1359 3758 classiarios

207 3789 349 3844 comitatui
371 3805 477 3859 quoque
496 3791 613 3857 Galbae,
639 3806 699 3845 cum
717 3789 831 3846 Romam
854 3795 973 3861 peteret,
996 3790 1153 3844 interfuisse
1170 3789 1267 3854 sentit,
1284 3788 1362 3842 falsis

206 3873 374 3943 lubricisque
385 3874 568 3930 fundamentis
581 3875 677 3930 nititur
694 3876 735 3930 uir
753 3877 858 3932 doetus.
887 3875 1012 3944 Longum
1024 3880 1074 3941 est,
1088 3875 1177 3931 omnia
1189 3875 1256 3930 haec
1269 3874 1361 3942 singil-

207 3959 283 4012 latim
294 3959 422 4027 refutare,
435 3961 594 4029 praesertim
603 3977 664 4017 cum
675 3961 751 4016 Stille
761 3961 807 4028 (ci.
818 3978 844 4030 p.
857 3961 944 4016 tadu.
957 3967 982 4028 t)
994 3961 1104 4017 uberius
1117 3961 1158 4016 bis
1170 3959 1294 4016 derebus
1307 3959 1362 4015 dis-

208 4045 330 4110 seruerit,
349 4060 428 4114 quem
445 4060 546 4114 quaeso
563 4048 701 4117 inspicias.
