3282 4968
466 397 509 452 De
526 395 631 466 legione
647 395 832 454 Romanorum
848 395 870 452 1.
888 394 1037 452 Adiutrice.
1287 394 1328 454 91

172 574 242 640 uias
265 571 389 638 rioines
411 569 598 639 invaserunt
617 588 739 654 eosque
761 575 985 652 vastaverunt,
1015 569 1138 636 devioit
1165 569 1253 637 etin
1274 591 1329 656 po-

168 679 324 742 testatem
351 673 464 758 populi
485 674 623 742 Romani
651 673 787 756 redegit.
795 675 816 750 ¹)
853 671 968 739 Eluoet
996 677 1105 740 autem
1127 672 1329 742 invasionem

174 777 339 844 Dacorum
361 781 490 860 praeter
510 777 711 861 provinciam
741 773 875 840 Deoiam
898 774 1038 842 maxime
1061 773 1260 843 Pannoniam
1282 783 1329 844 et·

172 880 297 962 tigisse.
334 879 420 961 Ergo
435 879 596 961 legionem
610 877 635 944 1.
658 876 857 944 Adiutrieem
875 877 906 942 ei
928 876 1016 943 bello
1038 877 1236 961 implicatam
1258 899 1330 948 esse

175 983 311 1066 (puriter
330 986 430 1063 etque
452 981 493 1046 11.
516 979 727 1058 Adiutrieem)
750 985 783 1046 et
803 979 944 1045 maxime
959 980 1129 1064 probabile
1143 987 1194 1049 est
1208 988 1241 1049 et
1262 1001 1331 1050 oer-

173 1084 298 1152 tissime
319 1081 555 1150 demonstrator
575 1083 736 1149 nonnullis
760 1080 854 1148 huius
876 1082 1014 1166 legionis
1036 1083 1147 1150 titulis.

260 1185 404 1250 Primum
426 1191 533 1252 exstat
554 1185 699 1252 Orumeri
722 1187 776 1264 (τε
791 1181 962 1266 Neudors)
991 1185 1102 1252 titulus
1124 1187 1249 1254 Aurelii
1272 1186 1329 1254 Se-

173 1288 264 1373 tulli,
286 1287 397 1354 militis
419 1287 557 1369 legionis
579 1286 604 1352 Ι.
626 1285 820 1369 Adiutricis,
842 1286 899 1370 qni
918 1282 1067 1355 ‘incursu
1089 1287 1191 1356 hostis
1206 1289 1330 1357 Deeiee

173 1385 326 1456 deeidit'.
371 1389 454 1455 'lum
475 1390 508 1453 in
530 1389 595 1456 elio
617 1395 823 1456 monumento
845 1389 984 1472 legionis
1000 1390 1187 1459 Arrabonae
1201 1398 1330 1475 reperto

177 1496 283 1558 mater
311 1490 470 1574 quaedam
499 1490 584 1556 Iulia
611 1488 790 1556 Fuscinilla
815 1491 932 1557 lulium
955 1492 1130 1560 Paternum
1158 1500 1191 1560 ot
1212 1493 1330 1560 Iulium

173 1594 316 1661 Fusenm
336 1593 432 1679 filios,
455 1593 549 1660 huius
571 1593 709 1676 legionis
731 1595 868 1678 milites,
888 1590 994 1662 ‘bello
1017 1593 1234 1664 desideratos’
1259 1616 1331 1665 esse

173 1701 294 1778 narrat,
316 1695 352 1762 id
374 1696 460 1780 quod
482 1716 546 1763 non
561 1693 624 1764 nisi
638 1695 682 1762 ad
696 1694 732 1762 id
753 1702 880 1781 tempus
895 1697 1007 1764 referri
1029 1704 1145 1782 potest,
1168 1717 1233 1782 qno
1248 1699 1331 1766 Daoi

171 1798 282 1866 subito
304 1797 384 1864 lines
406 1799 644 1882 provinciarum
666 1804 923 1882 penetraverant.

260 1903 411 1986 Denique
432 1900 519 1967 idem
542 1901 735 1969 vocabulum
755 1894 974 1968 ‘desideratus
990 1898 1052 1970 est²
1077 1905 1216 1971 oeeurrit
1237 1905 1271 1970 iu
1293 1904 1331 1970 ti·

173 2005 242 2072 tulo
256 2004 345 2070 Aelii
361 2003 498 2089 Septimi
515 2007 556 2082 (n.
574 2004 653 2086 lu),
676 2002 736 2070 red
749 2003 848 2070 valde
869 2003 1053 2090 dolendum,
1076 2005 1163 2090 quod
1179 2005 1233 2073 hio
1248 2006 1332 2090 lapis

173 2107 345 2190 iniquitate
368 2112 548 2189 temporum
571 2105 617 2172 ita
638 2106 758 2173 fruetus
781 2113 845 2189 eet,
868 2111 904 2173 ut
922 2106 964 2173 de
984 2109 1141 2174 memoria
1155 2109 1241 2174 tituli
1263 2128 1331 2173 mn·

174 2209 260 2276 tileti
290 2207 491 2275 restituenda
517 2207 716 2290 ambigetur,
747 2226 843 2290 qoem
870 2209 904 2274 in
932 2207 1028 2293 Gorp.
1057 2210 1155 2277 Insor.
1178 2211 1249 2277 Lat
1272 2209 1330 2276 III.

173 2331 206 2395 p.
223 2305 283 2376 541
309 2312 357 2378 sio
378 2310 529 2393 legimus:

466 2430 509 2496 [Ε
531 2427 1048 2497 8ΕΡΤΙΜΟ·ΟΡΤ·ΒΕΘ·Ι

431 2514 1049 2614 ἮΒΕὸΙΒΕΒΑΤΥὸῈδΤ

466 2639 547 2704 bello
670 2633 805 2707 &ARIS
822 2667 829 2680 ·
847 2633 927 2713 QVI
942 2634 1050 2701 -le

260 2759 346 2826 Nem
362 2779 433 2827 oum
447 2781 542 2828 versu
557 2763 660 2830 altero
674 2767 750 2830 ante
764 2762 906 2826 litteram
921 2759 951 2824 D
967 2758 1113 2843 superior
1126 2775 1203 2841 pars
1218 2755 1331 2822 hastae

176 2864 353 2948 oonspioua
374 2864 432 2946 sit,
460 2863 678 2932 Mommsenus
700 2864 805 2931 editor
827 2861 991 2948 supplevit
1013 2854 1121 2944 Auli,
1152 2877 1236 2942 quae
1258 2877 1332 2924 eon-

175 2966 300 3032 ieetura
327 2963 456 3031 videtur
488 2965 667 3048 probabilis
696 2984 784 3049 esse;
819 2983 916 3031 versu
949 2969 1058 3029 autem
1086 2962 1181 3028 tertio
1211 2960 1332 3028 bellum

176 3065 353 3151 significari
376 3067 463 3133 idem
485 3074 587 3153 putat,
616 3090 679 3153 quo
703 3069 797 3135 miles
818 3067 924 3152 periit.
969 3064 1036 3133 Sed
1059 3066 1092 3131 in
1114 3065 1212 3130 telem
1235 3064 1331 3129 inter·

176 3169 391 3252 pretationem
414 3171 586 3236 convenire
608 3171 732 3237 litteras
748 3189 833 3254 quae
848 3175 1023 3252 sequuntur
1040 3166 1162 3249 (ARIS)
1184 3185 1250 3232 non
1264 3184 1331 3231 ere·

176 3270 329 3338 diderim.
363 3269 470 3349 Quare
492 3291 565 3338 eum
589 3271 703 3338 eedem
725 3293 792 3339 uox
814 3291 927 3338 versus
950 3271 1082 3338 ulterius
1101 3265 1334 3337 ‘desideratus'

176 3373 299 3438 iamin
327 3374 391 3440 elio
421 3374 514 3439 titulo
536 3373 580 3440 ad
608 3374 729 3440 bellum
753 3375 908 3442 Daeieum
937 3373 1106 3440 Maximini
1127 3368 1332 3438 referendum
1465 3399 1467 3403 ’

174 3477 360 3546 invenietur
381 3483 414 3543 et
436 3477 464 3543 si
491 3481 661 3559 praeterea
689 3477 780 3543 illum
801 3478 929 3543 titulum
951 3476 1150 3543 notissimum
1173 3474 1285 3541 militis
1306 3474 1333 3540 Ι.

174 3581 355 3648 Minerviae
369 3579 615 3664 perlustramus,
638 3580 710 3663 qui,
735 3586 907 3664 postquam
921 3579 954 3643 in
975 3583 1081 3646 eastre
1094 3577 1201 3659 rediit,
1224 3582 1334 3643 votum

176 3681 266 3768 quod
287 3681 348 3748 AD
363 3679 541 3746 ALVTVM
556 3681 733 3747 involuti
748 3686 935 3766 susceperat
956 3681 1068 3763 solvit,
1090 3679 1218 3745 littoreo
1232 3677 1331 3745 ARIS

215 3819 380 3828 ————-

264 3901 288 3962 1)
306 3899 425 3968 Propter
447 3913 494 3953 eas
516 3915 560 3954 res
577 3913 649 3955 unno
667 3903 726 3955 237.
745 3903 835 3968 gentas
854 3899 1014 3968 cognomine
1031 3898 1134 3954 Daoioo
1151 3897 1270 3954 Mmimo
1288 3913 1333 3953 or·

175 3988 259 4041 notus
281 3990 336 4052 est;
358 3982 419 4038 vide
440 3981 488 4037 ΠΙ.
507 3987 583 4040 ello.
602 3988 679 4040 3722.
699 3988 775 4040 4630.
795 3987 871 4039 3708.
890 3989 966 4040 elle.
986 3988 1013 4038 et
1036 3998 1061 4039 a.
1085 4015 1119 4024 -—
1142 3983 1183 4039 Of.
1205 3983 1332 4039 carolum

177 4070 263 4134 Goos,
276 4061 406 4123 ‘Studien
423 4085 473 4124 zur
491 4069 643 4141 deogreph.
663 4085 690 4124 u.
711 4069 808 4126 (ieeoh.
828 4069 876 4126 des
888 4069 1086 4141 Trajanisehen
1104 4059 1230 4125 Deciens’
1248 4071 1328 4139 (μιν.

170 4169 263 4225 gymno.
283 4152 511 4223 Soterobmgonr.
531 4159 606 4224 isid)
623 4171 651 4226 p.
665 4158 707 4212 68.
