3318 4970
483 390 525 445 De
541 389 646 458 legione
664 388 847 446 Romanorum
865 389 888 445 1.
906 387 1054 445 Adiutrice.
1310 387 1349 448 13

195 569 244 642 εἰς
268 567 302 628 ἒν
324 569 436 647 τάγμα
461 562 662 644 συλλοχίσας
691 560 818 630 omissis
846 560 1012 629 Plutarchi
1036 561 1254 628 testimonium
1279 581 1349 628 cum

195 665 341 738 Suetonii
360 685 594 750 comparamus,
618 665 667 731 illi
689 665 811 749 optime
833 666 915 733 inter
937 683 973 732 se
989 663 1206 731 consentiunt:
1230 670 1351 730 utrum·

196 790 258 856 que
273 770 359 837 enim
373 769 562 853 scriptorem
577 768 683 834 elucet
703 765 832 834 tradere
847 765 985 834 Galbam
1007 766 1041 830 in
1063 765 1245 833 classiarios
1267 769 1349 853 (spe-

197 877 281 957 τας),
305 871 361 956 qui
383 871 425 936 ab
448 888 487 937 eo
509 869 652 954 aquilam
675 875 707 934 ιι
729 868 823 952 signa
836 868 999 952 petebant,
1022 867 1215 950 gravissime
1237 887 1350 936 oonsu-

195 975 310 1055 lnisse,
333 973 380 1038 ita
402 981 436 1038 ut
459 972 619 1056 equitibus
642 970 675 1036 in
699 988 755 1037 eos
784 969 935 1036 immissis
963 968 1137 1052 plerosque
1167 969 1351 1036 trucidaret.

195 1076 267 1143 Hac
288 1075 361 1159 ipsa
383 1071 622 1157 computatione
644 1090 683 1138 eo
706 1070 912 1152 adducimur,
942 1075 978 1136 ut
1000 1069 1223 1155 Plutarchum,
1257 1091 1352 1156 quem

196 1179 342 1261 ignarum
365 1175 413 1241 rei
435 1175 583 1240 militaris
604 1174 787 1256 Romanae,
810 1178 846 1238 ut
867 1171 1030 1239 hominem
1053 1171 1228 1256 Graecum,
1251 1174 1351 1242 fuisse

196 1285 336 1360 ιοιιιιι,
365 1275 428 1342 hac
456 1277 489 1341 in
512 1295 546 1342 re
569 1275 729 1342 erravisse
757 1273 937 1340 credamus.
982 1271 1074 1352 Quae
1096 1276 1255 1341 sententia
1277 1295 1352 1342 oon·

196 1380 339 1446 firmatur
361 1377 615 1444 deliberantibus
637 1377 731 1444 nohis
753 1377 883 1457 milites,
908 1375 963 1458 qui
984 1374 1109 1442 Galbae
1132 1376 1261 1443 obviam
1284 1378 1351 1445 ive·

196 1489 278 1566 runt,
302 1480 444 1563 aquilam
467 1484 499 1544 ιι
521 1479 614 1561 signa
634 1476 809 1562 flagitasse.
846 1477 930 1544 Nam
953 1477 981 1543 si
1002 1477 1145 1560 aquilam
1167 1498 1230 1545 non
1253 1477 1352 1546 habe·

196 1584 283 1669 hant,
306 1583 468 1666 legionem
491 1580 620 1647 omnino
643 1600 708 1646 non
731 1579 916 1648 effecerunt.

282 1687 351 1752 Iam
367 1702 518 1767 quaeres,
544 1681 707 1765 quomodo
722 1683 840 1749 lactum
856 1683 907 1765 sit,
925 1687 961 1748 nt
974 1681 1165 1749 Plutarchus
1181 1682 1214 1747 in
1229 1688 1351 1748 tantum

198 1807 338 1856 errorem
360 1791 472 1868 raptus
494 1785 544 1851 sit.
582 1782 655 1862 Qua
676 1785 710 1849 in
731 1803 766 1850 re
788 1785 930 1850 manime
947 1783 1140 1851 adiuvamur
1160 1784 1226 1851 illis
1246 1785 1352 1852 Taciti

198 1889 305 1957 verbis
328 1887 414 1967 (hist.
434 1887 449 1952 l
466 1888 534 1963 Sit:
564 1879 664 1954 ‘Otho
682 1935 689 1951 .
707 1935 714 1952 .
731 1934 764 1952 ..
786 1885 1030 1952 Narbonensem
1053 1885 1193 1952 Galliam
1215 1886 1352 1970 adgredi

198 1991 309 2058 statuit
323 1990 427 2056 classe
443 1988 554 2054 valida
576 1994 608 2054 et
629 1988 775 2072 partibus
796 1987 872 2070 fida,
897 1985 984 2070 quod
1004 1988 1190 2071 reliquos
1213 2008 1353 2055 caeso·

197 2112 280 2158 rum
302 2091 345 2158 ad
366 2096 496 2176 pontem
507 2090 664 2155 Mulvium
679 2095 711 2156 et
726 2090 864 2157 saevitia
876 2088 1000 2156 Galbae
1014 2090 1048 2154 iu
1063 2089 1210 2157 custodia
1224 2088 1352 2158 habitos

198 2195 237 2260 in
259 2211 450 2258 numeros
472 2192 654 2275 legionis
677 2182 988 2274 composuerat'.
1012 2225 1053 2236 —

286 2293 382 2373 Quod
405 2313 477 2360 cum
499 2292 561 2360 hoc
579 2311 707 2375 quoque
723 2293 795 2360 loco
809 2293 851 2360 de
867 2294 1022 2360 militibus
1039 2293 1213 2361 classiariis
1228 2301 1353 2379 agatur,

199 2395 437 2481 respiciendum
460 2401 509 2462 ert
532 2414 574 2460 ex
604 2395 651 2460 eis
680 2394 841 2478 legionem
871 2416 935 2462 non
963 2401 1118 2475 creatam,
1149 2394 1206 2461 sed
1236 2415 1291 2463 eos
1318 2398 1353 2462 in

201 2517 350 2566 numeros
384 2497 522 2580 legionis
555 2515 627 2563 esse
660 2497 866 2581 compositos.
922 2497 1028 2580 Atque
1061 2515 1138 2581 erga
1170 2497 1353 2566 classiarios

201 2598 359 2667 Othonem
381 2601 429 2664 ita
450 2618 486 2667 se
507 2599 647 2682 gessisse
669 2598 738 2664 veri
763 2604 812 2664 ιιι
834 2599 1048 2682 simillimum,
1072 2605 1244 2684 propterea
1265 2599 1353 2682 quod

203 2701 301 2785 Nero,
324 2721 417 2783 quem
440 2701 497 2767 ille
518 2701 551 2766 in
574 2700 722 2766 omnihus
739 2700 834 2766 rebus
850 2706 883 2766 et
897 2700 1036 2783 publicis
1051 2707 1084 2766 et
1098 2702 1234 2784 privatis
1249 2702 1353 2768 imita·

202 2803 347 2886 baturb,
377 2802 463 2870 idem
486 2803 623 2885 iecerat,
654 2808 689 2868 ut
710 2821 774 2870 non
797 2803 839 2868 sit
865 2801 997 2867 dubium
1025 2803 1171 2870 conicere
1193 2802 1353 2870 Neronem

202 2923 329 2988 quoque
352 2923 408 2970 eos
431 2904 630 2986 classiarios,
661 2904 716 2987 qui
738 2904 867 2987 legione
890 2904 1025 2970 classica
1046 2905 1219 2972 constituta
1244 2925 1352 2990 super·

201 3011 318 3089 essent,
341 3007 374 3070 in
396 3023 545 3071 numeros
555 3007 578 3077 2ι
600 3003 739 3088 legionis
761 3006 991 3089 composuisse,
1013 3007 1060 3071 ita
1080 3011 1116 3071 ut
1133 3007 1209 3073 iusti
1223 3009 1354 3090 milites,

201 3109 221 3172 i.
246 3126 274 3173 e.
298 3107 469 3190 legionarii
490 3104 612 3172 fierent.

287 3206 396 3286 Quare
417 3204 624 3273 Plutarchum
648 3207 805 3275 eiusmodi
827 3208 951 3292 aliquid
974 3208 1016 3276 de
1037 3211 1178 3276 numeris
1207 3210 1355 3294 legionis,

201 3330 282 3395 quos
303 3310 391 3378 Nero
418 3329 436 3376 ι
462 3309 636 3376 classiariis
664 3311 801 3394 creavit,
831 3310 919 3395 apud
950 3330 1023 3379 eum
1051 3317 1229 3394 auctorem,
1261 3331 1356 3395 quem

201 3419 329 3480 secutus
345 3418 403 3494 ιιι,
420 3412 573 3497 scriptum
589 3412 753 3479 invenisse
768 3420 917 3496 putamus
929 3415 968 3497 ³);
988 3412 1046 3480 sed
1062 3413 1197 3495 scriptor
1212 3412 1356 3482 Graecus

201 3533 242 3581 ea
264 3514 365 3581 rerba
387 3513 475 3581 haud
497 3520 585 3580 recte
603 3513 830 3597 interpretatus
846 3514 905 3581 hos
922 3513 1103 3582 classiarios
1119 3513 1249 3581 eosdem
1264 3516 1355 3582 intel·

290 3651 314 3712 1)
332 3646 369 3703 ci.
386 3662 415 3716 p.
438 3651 477 3700 li.
495 3645 558 3702 adn.
573 3651 596 3700 ι,
615 3650 642 3701 ιι
658 3662 687 3716 p.
708 3650 746 3702 18·
765 3646 827 3701 adn.
847 3653 871 3701 i.

289 3734 315 3799 λ)
332 3730 368 3787 ci.
387 3731 475 3786 Tacit.
498 3731 561 3787 hist.
580 3731 636 3795 16,
662 3731 711 3786 ubi
733 3731 919 3788 vexillationes
937 3731 1071 3800 legionum
1090 3732 1309 3788 Germanicarum
1329 3737 1357 3788 et

201 3815 373 3886 illyricorum
392 3816 498 3872 numeri
514 3823 655 3873 vocantur.

289 3904 316 3968 3)
333 3901 402 3958 haec
419 3903 492 3956 iere:
511 3901 666 3971 (classiarii)
683 3917 752 3972 quos
768 3901 937 3958 innumeros
949 3901 1063 3972 legionis
1075 3901 1148 3958 Nero
1167 3907 1357 3970 composuerat

199 3986 292 4054 itaque
310 3985 409 4041 milites
421 3987 507 4042 iustos
525 3985 637 4042 iecerat.
650 4016 683 4026 —
696 3987 828 4042 Fortasse
846 3989 914 4043 haec
931 3987 1034 4043 omnia:
1048 3977 1142 4046 ‘abror
1160 3987 1191 4045 db
1208 3977 1289 4057 ἦσαν,
1308 3981 1359 4054 οὓς

200 4070 240 4137 εἰς
258 4067 289 4128 ἓν
312 4067 408 4144 τάγμα
432 4073 604 4143 συλλοχίσας
626 4067 756 4144 ἀπέφηνε
779 4064 970 4146 στρατιώταις’
994 4073 1157 4129 Plutarchus
1181 4087 1232 4128 aua
1256 4077 1354 4142 sponte

200 4156 347 4227 supplerit,
365 4173 418 4227 quo
430 4157 539 4214 facilius
556 4157 736 4228 elegentibus
755 4173 799 4214 res
810 4157 1037 4227 intellegerentur.
1069 4159 1159 4214 Primo
1171 4158 1242 4214 enim
1260 4158 1358 4214 obtutu
