3170 4984
282 376 343 434 278
714 377 916 432 Maximiliunns
935 377 1015 432 ‘fhicl

371 549 440 615 Iam
456 569 518 616 non
538 551 644 617 minus
666 556 813 635 apertum
837 556 886 617 est
897 551 1078 616 Vitruvium
1101 549 1300 632 singularum
1323 549 1450 617 machi·
1580 542 1581 592 t

284 671 398 717 narum
415 651 648 736 descriptiones
663 672 726 718 non
743 652 882 718 diversis
896 652 1038 718 fontibus
1057 651 1187 734 dehere,
1212 652 1359 735 quamvis
1385 650 1450 718 hoc

285 755 428 820 simulet:
459 761 630 837 postquam
660 754 747 819 enim
777 753 818 820 de
847 755 948 820 ariete
978 756 1144 839 exposuit,
1180 754 1221 821 dc
1250 773 1313 837 quo
1347 773 1448 836 quem

284 863 413 922 secutus
442 857 485 922 uit
513 861 678 922 auctorem
707 855 792 921 celat
820 891 861 902 —
887 848 1017 935 ‘cries’‚
1049 857 1153 939 inquit
1175 876 1206 940 p.
1223 858 1298 938 272,
1310 858 1362 938 23,
1384 848 1450 921 ‘sic

284 957 434 1024 inventus
449 962 644 1024 memoratur
662 947 749 1023 esse'
768 993 820 1038 -,
837 955 887 1022 his
910 957 1018 1024 verbis
1041 955 1085 1041 (p.
1102 959 1175 1039 273,
1195 959 1257 1037 19),
1280 964 1448 1040 tamquam

285 1060 384 1124 alium
408 1061 527 1126 fontem
551 1057 717 1140 adhibeat,
740 1059 848 1142 pergit
866 1051 990 1141 ‘itaque
1006 1058 1129 1125 Diades
1152 1059 1280 1143 scriptis
1303 1060 1370 1124 suis
1394 1078 1449 1123 os-

284 1151 420 1242 tendit';
449 1181 488 1228 ao
515 1162 614 1244 paulo
644 1159 727 1226 infra
756 1163 799 1243 (p.
822 1163 901 1243 275,
926 1162 977 1238 18)
1000 1159 1167 1244 profitetur
1187 1154 1285 1244 ‘quae
1308 1165 1382 1226 sunt
1403 1160 1447 1224 ab

287 1263 394 1330 Diade
418 1262 460 1329 de
481 1262 640 1328 machinis
663 1263 784 1346 scripta
801 1312 808 1327 .
826 1311 833 1328 .
850 1312 857 1327 .
874 1311 881 1328 .
896 1265 1043 1348 exposui,
1066 1283 1151 1330 nunc
1173 1260 1448 1347 quemadmodum

284 1385 304 1430 a
336 1366 601 1448 praeceptoribus
634 1364 748 1449 accepi
781 1370 813 1430 et
847 1365 940 1430 utilia
968 1363 1048 1429 mihi
1078 1364 1229 1431 videntur
1257 1356 1449 1448 exponam'.

286 1465 403 1533 Omnia
418 1474 526 1534 autem
549 1466 665 1534 codem
688 1465 801 1532 ordine
824 1471 954 1532 servato
977 1466 1066 1551 apud
1081 1466 1284 1533 Athenaeum
1306 1466 1448 1548 legimus

285 1587 390 1652 neque
406 1568 475 1634 fieri
498 1569 612 1652 potuit,
636 1573 671 1633 ut
693 1574 827 1650 uterque
851 1566 966 1634 eadem
990 1569 1137 1652 pluribus
1161 1569 1284 1635 eisdem
1306 1568 1449 1634 auctori-

285 1672 344 1736 bus
361 1670 472 1736 dehita
487 1670 603 1736 codem
626 1669 739 1736 ordine
762 1670 904 1736 referret.
933 1669 1041 1754 Atque
1064 1671 1163 1736 etiam
1185 1671 1290 1752 magis
1306 1669 1450 1734 Vitrurii

286 1777 500 1839 commentum
515 1773 720 1856 perspicitur,
736 1791 806 1837 cum
822 1773 941 1855 p.275,
956 1775 1006 1856 12,
1023 1773 1114 1855 quasi
1132 1772 1202 1855 ipse
1218 1769 1335 1836 Diadis
1347 1769 1451 1834 libros

285 1874 472 1957 inspexerit,
489 1866 660 1939 narret‘de
671 1892 786 1939 corace
797 1872 880 1938 nihil
892 1875 1020 1957 putavit
1030 1872 1246 1954 scribendum,
1259 1873 1301 1938 de
1314 1891 1451 1938 accessu

287 1977 370 2059 quae
383 1971 559 2056 ἐπιβάθρα
570 1994 687 2057 graece
703 1973 820 2040 dicitur
836 1976 925 2041 etde
941 1976 1074 2042 marinis
1090 1973 1426 2042 machinationibus..
1443 2023 1450 2038 .

286 2083 410 2142 tantum
425 2077 606 2161 pollicitum
624 2095 696 2144 esse
711 2076 922 2144 vehementer
936 2077 1154 2143 animadverti
1176 2095 1283 2159 neque
1305 2077 1451 2142 rationes

287 2199 397 2245 earum
432 2197 505 2244 eum
539 2171 791 2262 explicavisse';
820 2179 909 2262 apud
938 2178 1142 2244 Athenaeum
1171 2186 1280 2246 autem
1316 2180 1451 2264 (polior-

286 2281 414 2363 cetique
440 2280 498 2346 des
521 2280 622 2346 Gneus
645 2299 705 2364 par
727 2279 762 2346 O.
780 2279 943 2347 Wescher.
978 2280 1070 2347 Paris
1102 2281 1194 2345 1867.
1218 2301 1249 2364 p.
1268 2284 1317 2359 15,
1334 2285 1452 2363 ὅσσα.)

285 2383 451 2448 simillima
478 2383 616 2466 legimus
645 2380 727 2449 haec
746 2374 819 2446 ’τὸν
849 2379 886 2446 δὲ
914 2379 1039 2466 κόρακα
1068 2374 1107 2444 or'r'
1130 2405 1219 2467 φημι
1242 2375 1329 2447 εἶναι
1352 2375 1452 2458 ἄξιον

286 2486 498 2571 κατασκευῆς,
514 2480 573 2566 τὴν
586 2474 613 2546 δ’
630 2479 825 2564 ἐπιβάθραν
838 2480 876 2548 ὃν
888 2481 1017 2570 τρόπον
1030 2481 1081 2548 δεῖ
1094 2486 1255 2566 γενέσθαι
1271 2482 1452 2567 προειπών

287 2587 320 2654 ἐν
344 2584 426 2673 ἀρχῇ
450 2582 627 2672 δηλώσειν,
658 2578 754 2650 οὐδὲν
778 2583 1026 2672 διεσαφήνισεν.
1065 2576 1134 2650 οὐδ’
1160 2580 1245 2668 ὑπὲρ
1272 2587 1340 2650 τῶν
1362 2585 1450 2650 κατὰ

286 2688 466 2755 θάλασσαν
490 2686 526 2752 δὲ
550 2678 641 2770 αὐτῷ
661 2688 707 2764 (†)
727 2690 990 2770 προσαγομένων
1013 2687 1116 2772 ἔργων
1141 2684 1337 2771 δεδήλωται.
1362 2683 1450 2753 ἀλλὰ

286 2793 341 2857 καὶ
357 2793 463 2868 ταῦτα
480 2799 650 2871 παρεῖται,
671 2792 784 2854 καίτοι
800 2787 935 2874 σφόδρα
958 2787 1203 2874 ἑπογγελτικιῦς
1224 2791 1280 2856 καὶ
1296 2789 1453 2874 μεγάλως

286 2894 518 2980 ποιησαμένου
534 2886 612 2966 τοὺς
629 2881 766 2973 λόγους’.
796 2891 1012 2976 Nequaquam
1028 2894 1126 2976 igitur
1141 2893 1251 2976 plures
1264 2893 1449 2960 Vitruvium

287 2997 392 3062 fontes
415 2994 525 3060 adisse
540 2993 617 3058 licet
639 2993 783 3074 cogitare
806 3001 839 3060 et
858 2994 1019 3060 erravisse
1043 3000 1177 3078 constat,
1202 2996 1257 3078 qui
1281 2995 1344 3063 hoc
1359 2999 1452 3063 volu·

287 3104 390 3180 erunt,
413 3095 584 3161 Matinium
608 3094 671 3173 (ed.
688 3114 719 3160 v.
735 3095 766 3159 lI
789 3117 820 3179 p.
838 3099 889 3178 34,
908 3101 922 3160 1
948 3095 1022 3162 adn.
1040 3097 1059 3158 2
1080 3102 1112 3162 et
1126 3115 1158 3178 p.
1176 3098 1249 3178 345,
1272 3096 1347 3162 adn.
1364 3100 1396 3176 4)
1418 3107 1453 3164 et

287 3198 483 3266 Rochasium
509 3195 540 3262 d'
563 3197 694 3279 Aigion,
718 3197 774 3278 qui
796 3198 829 3262 in
851 3196 1013 3263 Athenaei
1036 3196 1324 3265 Franco-Gallicae
1347 3203 1450 3267 versi·

287 3304 357 3370 onia
371 3299 572 3384 praefatione
588 3300 767 3382 (melanges
783 3299 895 3366 Graux
910 3319 942 3382 p.
956 3299 1015 3362 781
1034 3297 1121 3382 sqq.)
1136 3319 1167 3382 p.
1181 3300 1244 3364 182
1257 3293 1453 3385 ‘Athenee’,

287 3405 401 3487 inquit,
421 3395 471 3468 ‘se
494 3401 671 3468 trouverait
693 3399 777 3468 ainsi
799 3402 830 3468 le
853 3401 1095 3485 contemporain
1119 3401 1160 3466 de
1183 3401 1327 3486 Vitruve,
1352 3405 1409 3490 qui
1431 3425 1454 3471 a

287 3507 381 3589 putee
413 3524 490 3620 aux
523 3502 673 3570 memes
707 3521 874 3570 sources
904 3521 967 3586 que
997 3504 1042 3568 lui
1070 3522 1153 3586 pour
1189 3521 1357 3586 composer
1392 3526 1453 3574 son

286 3607 369 3672 livre
392 3605 486 3681 X.¹)

361 3877 384 3938 1)
398 3872 556 3928 Consentire
566 3872 673 3927 ridetur
683 3887 744 3926 cnm
755 3871 809 3925 illis
818 3871 977 3942 Droysenus
988 3873 1031 3937 (K.
1040 3872 1086 3927 Fr.
1094 3869 1383 3945 Hermann‘gr.hntt.’
1390 3875 1451 3943 11‚n

289 3977 316 4028 p.
331 3962 391 4024 206)
404 3973 465 4012 cum
478 3951 677 4026 dicit‘apccicll
690 3958 758 4011 uber
776 3957 820 4012 dio
832 3957 1026 4013 Construction
1045 3958 1093 4012 der
1105 3959 1452 4028 Balagerungsmarchinen

289 4041 408 4097 handclu
427 4043 470 4096 die
488 4042 626 4097 Schriften
645 4043 692 4097 des
705 4043 863 4098 Athenaeus
877 4084 884 4098 .
899 4085 904 4098 .
918 4083 925 4097 .
941 4084 957 4109 .‚
976 4045 1020 4099 ein
1037 4045 1151 4111 Anaaug
1169 4059 1220 4098 aus
1239 4045 1292 4100 den
1310 4046 1451 4102 Schriften

290 4127 433 4194 Froherea
452 4127 509 4181 bea.
523 4128 570 4182 des
588 4127 691 4182 Diades
709 4127 765 4182 und
784 4128 831 4182 des
843 4129 1039 4196 Agesistratua
1056 4128 1114 4183 und
1131 4143 1182 4184 aua
1200 4131 1344 4187 derselben
1355 4132 1452 4200 Quale
