3170 4984
317 394 380 452 292
755 395 957 452 Maximiliuuus
977 395 1056 451 Thiel

316 562 520 643 ἄνωθενεῖς
536 562 680 644 ὀξεῖαν
695 572 848 652 γωνίαν
865 565 1329 652 οεγκλεισθέντωνπρός
1345 561 1484 655 ἄλληλα,

316 666 515 746 ὡσαύτως
538 667 580 734 δὲ
603 673 673 734 καὶ
696 667 736 734 ἐκ
757 671 832 734 τοῦ
854 661 1083 752 πρόσθεν’,·
1104 689 1301 754 quamquam
1323 672 1484 739 craticeae
1565 669 1566 756 ᾗ

316 775 395 840 illae
412 771 590 840 testudines
606 792 682 838 uum
698 773 742 838 ad
765 771 955 839 fodiendum
978 770 1147 838 adhibitae
1170 775 1243 852 aiut,
1267 773 1364 840 Philo
1387 779 1483 840 tacet.

329 902 331 908 ·
402 876 552 942 Attamen
575 879 624 940 est
646 874 788 958 aliquid,
812 873 900 958 quod
923 873 1064 958 quodam
1086 874 1184 941 modo
1207 882 1320 942 contra
1342 875 1485 940 Vitruvii

317 978 571 1063 descriptionem
600 980 732 1059 pugnet.
776 975 861 1041 Nam
889 977 1043 1059 quoniam
1066 977 1280 1060 comperimus
1303 975 1485 1044 testudines
1565 999 1566 1046 t

316 1081 360 1148 ad
376 1079 566 1146 fodiendum
582 1077 761 1144 destinatus
776 1079 818 1144 ab
834 1079 893 1161 eis,
910 1096 994 1161 quae
1006 1078 1049 1144 ad
1065 1081 1308 1163 congestionem
1322 1079 1485 1144 fossarum
1565 1103 1566 1116 ν

316 1183 523 1267 parabantur,
546 1199 610 1246 uno
627 1179 774 1246 diversas
796 1179 906 1261 fuisse,
930 1179 1015 1246 hanc
1031 1179 1246 1248 differentiam
1270 1181 1403 1248 diverso
1425 1199 1487 1246 usu

214 1348 217 1355 ,
318 1285 489 1369 opinamur
510 1287 713 1367 procreatam
737 1300 818 1348 esse.
871 1280 938 1348 Sed
966 1280 1010 1348 ad
1039 1283 1143 1348 fossas
1172 1283 1352 1367 explendas
1378 1302 1486 1348 nonne
1565 1275 1566 1358 ]

316 1392 455 1470 apparet
483 1395 582 1468 saepe
612 1389 678 1450 mm
700 1402 803 1467 propo
825 1381 870 1448 ad
892 1403 1018 1450 murum
1042 1385 1218 1451 consistere
1241 1383 1394 1452 debuisse
1417 1405 1486 1450 ma·
1565 1375 1566 1434 ἕ

317 1488 463 1570 chiram,
493 1493 529 1553 ut
552 1485 650 1578 facile
673 1484 750 1550 inde
773 1485 840 1550 tela
862 1485 896 1550 in
919 1505 991 1552 eam
1015 1486 1144 1552 immitti
1167 1485 1355 1569 potuerint?
1401 1486 1484 1551 Eam

317 1591 416 1673 igitur
431 1589 572 1674 oportuit
593 1607 615 1653 a
637 1587 741 1653 fronte
763 1585 896 1653 defendi
918 1606 1016 1670 quam
1039 1587 1190 1654 maxime.
1200 1586 1223 1666 ¹)
1267 1587 1389 1655 Contra
1412 1608 1486 1655 cum
1565 1573 1566 1656 Ῠ

290 1757 293 1763 .
317 1694 389 1776 ipse
420 1689 535 1776 oppidi
565 1709 672 1755 murus
703 1687 926 1756 suffodiendus
956 1697 1040 1771 erat,
1072 1696 1105 1756 et
1133 1690 1226 1756 licuit
1255 1696 1287 1758 et
1308 1709 1391 1774 opus
1415 1697 1486 1756 erat
1565 1679 1566 1696 ²

319 1795 469 1879 proxime
491 1791 535 1859 ad
557 1811 684 1857 murum
706 1789 901 1857 testudinem
923 1791 1075 1874 adiungi,
1098 1792 1145 1858 ita
1167 1798 1202 1858 ut
1223 1811 1245 1858 a
1266 1793 1370 1860 fronte
1393 1792 1484 1858 laedi
1565 1777 1566 1782 ’

319 1897 449 1963 omnino
465 1914 530 1961 non
545 1899 665 1978 posset.
696 1893 803 1976 Atque
819 1899 854 1958 ut
868 1893 912 1960 ad
933 1913 1058 1960 murum
1080 1894 1299 1978 applicaretur
1320 1891 1484 1974 machina,
1565 1895 1566 1900 ’

319 1998 408 2064 trous
424 1997 492 2064 eius
508 2016 573 2062 non
589 1992 775 2062 debuit‘uti
790 1997 929 2079 angulus
952 1986 1084 2080 trigoni’
1111 2015 1195 2079 esse,
1218 1996 1277 2062 sod
1299 2003 1390 2063 recta
1411 1992 1486 2080 (τὴν

323 2097 360 2164 δὲ
372 2096 570 2182 ’ἔμπροσθεν
582 2087 691 2182 ὀρθὴν
704 2093 772 2176 ἔχει
786 2094 1010 2182 προσαγωγὴν
1026 2095 1122 2174 ὅπως
1135 2147 1143 2162 .
1156 2147 1165 2162 .
1178 2146 1187 2162 .
1204 2091 1376 2182 ἅπαρτίσῃ
1394 2088 1487 2180 αὐτῷ

319 2201 383 2283 (sc.
400 2202 450 2286 τῷ
464 2196 584 2282 τείχει)
599 2198 740 2274 Athen).
775 2199 818 2264 At
833 2199 875 2266 de
891 2199 1106 2267 testudinibus
1121 2199 1165 2266 ad
1179 2199 1283 2267 fossas
1300 2199 1485 2266 obruendas

322 2305 417 2371 factis
432 2322 591 2386 nusquam
608 2301 814 2368 interdictum
830 2310 889 2386 est,
905 2321 947 2368 ne
965 2303 1057 2386 ipsae
1073 2321 1204 2385 quoque
1219 2322 1240 2368 a
1254 2303 1359 2368 fronte
1376 2307 1486 2368 essent
1565 2363 1566 2374 ,

320 2411 438 2474 rectae.
479 2403 575 2483 Quod
605 2423 683 2470 sane
718 2402 847 2489 debuit,
877 2405 905 2471 si
935 2424 973 2470 co
1002 2405 1144 2472 maxime
1174 2403 1325 2470 diversae
1351 2409 1488 2469 erauta

320 2509 471 2576 fossioiis.
516 2507 609 2590 Nego
639 2507 738 2589 igitur
767 2506 809 2573 de
832 2507 890 2572 illa
912 2507 996 2573 inter
1018 2507 1201 2573 Vitruvium
1224 2509 1257 2572 et
1277 2503 1484 2570 Athenaeum

321 2610 541 2694 discrepantia
564 2613 686 2676 certum
709 2607 863 2674 iudicium
884 2607 955 2674 fieri
976 2627 1084 2692 posse.

405 2713 513 2794 Atque
544 2710 642 2775 etiam
666 2709 771 2777 minus
794 2708 970 2776 decernere
993 2709 1075 2775 mihi
1097 2708 1212 2776 videor
1234 2727 1332 2793 posse
1355 2707 1399 2774 de
1422 2707 1486 2774 hoc

320 2816 410 2881 loco:

406 2913 521 2980 Diadis
550 2914 687 2980 alteram
715 2913 828 2978 turrim
857 2918 992 2996 uterque
1021 2913 1121 2980 tradit
1142 2913 1243 2979 fuisse
1265 2910 1485 2977 tabulatorum

321 3017 445 3099 decem,
469 3015 527 3082 sed

491 3151 571 3216 Vitr.
589 3154 663 3226 274,
679 3153 698 3214 3
1070 3149 1189 3216 Athen.
1205 3169 1237 3233 p.
1258 3153 1307 3232 11,
1324 3149 1343 3212 8

323 3254 459 3338 singulis
488 3253 636 3337 partibus
666 3253 700 3317 in
730 3270 770 3318 ea
802 3251 889 3318 fene·
933 3244 1034 3338 οὔσης
1068 3248 1209 3336 ἑκάστης
1240 3247 1353 3333 χώρας
1391 3276 1485 3337 περι-

324 3356 442 3423 stratis.
934 3355 1070 3438 πτέρου.

408 3472 596 3542 Athenaeus
613 3475 711 3558 igitur
726 3475 895 3558 praecipit,
911 3479 946 3540 ut
961 3473 1090 3556 singula
1105 3472 1250 3538 tabulata
1264 3471 1488 3554 promineant;

321 3577 362 3643 cf.
379 3576 537 3660 Hesych.:
552 3579 777 3660 περίπτερον·
792 3569 935 3662 ὑψηλόν,
952 3570 1170 3654 πανταχόθεν
1187 3568 1312 3664 ἒξέχσν·
1329 3559 1351 3656 ἢ
1367 3575 1488 3657 στέγην

323 3675 462 3758 ἐ’χοοσαν
479 3672 612 3764 tuopte,
633 3678 822 3763 Anonymus
836 3683 944 3743 autem
961 3677 1038 3760 Byz.
1063 3679 1107 3759 (p.
1123 3677 1196 3756 246,
1215 3677 1266 3753 19)
1289 3674 1397 3757 docet,
1420 3695 1487 3758 quo

196 3849 199 3856 ,
322 3779 459 3846 consilio
480 3780 558 3846 illae
581 3781 784 3864 proiecturae
806 3779 912 3846 factam
936 3779 1015 3845 siut:
1035 3771 1358 3861 “ἐπικρεμάσθωσαν
1376 3773 1486 3840 δὲκαὶ

411 3983 436 4046 1)
454 3979 559 4034 Revera
582 3983 658 4036 tecto
683 3996 700 4035 a
717 3979 807 4036 fronte
825 3984 949 4036 ornatam
967 3977 1033 4033 licet
1051 3977 1142 4033 ridere
1159 3978 1323 4034 testudinem
1341 3977 1377 4032 ad
1395 3977 1490 4033 fossas

322 4065 683 4205 ῖζξίρρεὲγοιγγετεαω
701 4067 774 4136 apud
792 4065 948 4120 Iaehusium
956 4057 1048 4118 ‘Atlas
1065 4079 1115 4118 sur
1127 4063 1291 4119 Geschichte
1308 4063 1356 4119 des
1374 4061 1488 4132 Kriegs·
