3134 4986
478 392 655 462 emanares
671 391 878 449 Posidonianae
1197 395 1258 454 351

103 557 284 651 μετεώρων’
316 567 449 634 eitatnm
476 565 666 640 videmus¹>
709 564 801 632 Haeo
828 572 936 633 autem
958 568 1117 651 scriptura
1138 568 1204 633 iam
1226 569 1263 633 in

103 673 205 737 altera
230 674 323 754 parte
350 668 482 734 tabulae
510 667 621 734 sedem
649 666 763 752 habet,
793 687 877 750 quae
905 669 1043 751 primam
1066 669 1260 752 quibusdam

102 773 196 840 novis
220 771 312 838 libris
334 769 475 854 complet
503 769 556 844 (oi.
579 769 711 836 Vsener.
734 770 755 834 l.
778 771 799 834 Ι.
823 790 854 852 p.
878 771 938 848 14).
987 771 1044 837 Uti
1066 790 1144 838 vero
1167 771 1259 854 haee,

103 876 149 941 sie
175 873 234 940 illa
261 871 479 956 Theophrasti
512 871 670 955 seriptnra
701 891 723 936 a
755 872 855 938 variis
888 873 1097 956 scriptoribus
1126 873 1261 940 Graecis

102 974 260 1041 laudatur.
305 973 369 1040 Pro
397 973 562 1039 titulorum
590 979 698 1038 autem
726 972 916 1040 diuersitate
944 972 1043 1040 hasoe
1069 975 1260 1058 seriptiones

101 1079 213 1161 aliqua
238 1077 363 1142 ratione
391 1076 475 1141 inter
502 1095 539 1141 se
566 1074 730 1146 distulisse
758 1076 869 1158 utique
894 1075 1100 1142 statuendum
1122 1076 1260 1143 videtur.

101 1181 152 1246 An
180 1179 350 1262 quisquam
377 1176 519 1259 prudens
544 1197 565 1241 a
587 1173 813 1260 Theophrasto
836 1176 923 1242 idem
945 1183 1169 1260 argumentum
1191 1185 1260 1244 tun·

102 1301 198 1366 quam
227 1280 326 1346 animi
353 1297 452 1346 uansa
479 1275 576 1343 modo
605 1276 668 1344 hoe
695 1277 794 1344 modo
825 1279 882 1344 illo
910 1279 1040 1346 nomine
1062 1278 1261 1362 adpellatum

102 1404 172 1451 esse
196 1381 329 1450 erodet?
365 1380 460 1447 Nune
473 1380 570 1446 iaoile
585 1380 746 1462 quispiam
761 1378 892 1446 fidelem
905 1380 1101 1464 discipulum
1115 1381 1263 1464 magistri

101 1486 248 1568 vestigiis
280 1483 461 1567 ingressum
492 1487 637 1548 meteone
668 1481 869 1564 signidoasse
905 1483 1057 1549 sublimia
1089 1484 1261 1566 putaverit.

102 1587 195 1666 Quod
228 1605 270 1652 ne
302 1585 494 1650 arbitremur
525 1583 677 1668 prohibet
709 1583 800 1649 loeus
833 1583 966 1666 quidam
994 1583 1262 1668 Theophrasteae

102 1687 329 1774 disputationis
358 1687 400 1752 de
428 1687 504 1768 igne
533 1685 589 1752 ubi
617 1685 792 1751 metarsion
820 1705 901 1752 voee
925 1685 1016 1770 regio
1039 1687 1187 1754 sublimis
1209 1689 1264 1753 vel
1298 1712 1300 1720 ¹

101 1792 190 1858 aeria
219 1791 398 1856 denotatur.
428 1788 469 1854 of.
497 1786 558 1871 sug.
587 1787 620 1852 H
644 1791 672 1870 1,
695 1788 714 1850 3
745 1786 791 1869 (p.
809 1791 846 1851 51
873 1789 938 1854 vol.
961 1789 1010 1854 III
1032 1789 1200 1868 Wimmer)
1220 1823 1263 1836 -

102 1893 270 1961 disseritur
299 1891 340 1957 de
370 1889 549 1973 potioribus
578 1890 686 1973 ignem
714 1891 798 1956 inter
824 1897 858 1956 et
885 1896 994 1956 uetera
1016 1891 1177 1958 elementa
1199 1891 1262 1958 dis·

102 1995 289 2063 eriminibus
310 2017 367 2058 -:
400 1996 540 2077 μεγίστη
571 1989 607 2056 δὲ
636 1981 718 2078 αῦτη
749 1989 900 2078 διαφορὰ
929 1990 1056 2069 δόξειεν
1088 1981 1129 2056 δν
1159 1987 1263 2059 εἶναι·

99 2095 141 2161 τὰ
162 2096 225 2180 μὲν
246 2092 310 2181 γὰρ
331 2087 500 2160 καθἀῦτὰ
521 2095 579 2159 καὶ
601 2086 697 2159 οὐδὲν
720 2091 755 2158 ἐν
776 2089 997 2179 ὑποκειμένῳ,
1021 2097 1089 2179 πῦρ
1113 2095 1149 2161 δὲ
1170 2094 1263 2180 τόγε

101 2200 140 2285 τῇ
168 2199 251 2281 περὶ
283 2191 373 2281 ἡμᾶς
406 2194 569 2282 αἰσθήσει
600 2188 761 2279 φανερόν,
797 2188 855 2260 εἴτ’
893 2189 1100 2283 ἆριθμητέον
1134 2197 1183 2275 εἰς
1213 2197 1262 2286 [τὸ

101 2320 207 2369 nonne
237 2299 411 2366 delendum
420 2294 448 2383 i]
473 2292 553 2363 αὐτὸ
577 2294 615 2362 τὸ
641 2299 714 2382 φῶς
737 2295 805 2361 ε’ίτε
826 2294 870 2381 μὴ
896 2291 1121 2385 ἆριθμητέον·
1151 2299 1182 2365 εἰ
1204 2301 1265 2382 μὲν

101 2400 162 2488 μὰρ
184 2402 244 2468 καὶ
266 2397 303 2466 τδ
330 2402 412 2485 φῶς,
437 2395 582 2482 φανερὸν
605 2393 652 2474 dg
675 2395 709 2462 ἓν
732 2391 808 2482 ἇέρι
829 2421 866 2480 με
888 2402 987 2466 τοῦτο
1010 2402 1068 2466 καὶ
1089 2393 1204 2482 ῦδατι,
1234 2402 1264 2468 εἰ

103 2503 138 2569 δὲ
158 2496 217 2593 μή,
240 2501 279 2569 τό
302 2525 338 2587 γε
354 2503 422 2586 πῦρ
438 2503 497 2588 τῆς
514 2497 640 2586 φλογὸς
653 2501 710 2565 ’καὶ
726 2502 787 2564 τοῦ
803 2494 974 2586 ἄνθρακος
990 2499 1024 2566 ἐν
1038 2497 1263 2590 ὑποκειμένῳ.

100 2605 119 2694 ἡ
134 2607 194 2690 μὲν
212 2602 275 2691 γὰρ
289 2601 418 2680 καπνὸς
431 2601 604 2690 καόμενος,
622 2596 640 2667 ὃ
658 2601 694 2666 δὲ
708 2601 830 2686 γεῶδες
845 2627 879 2668 τι
893 2603 949 2667 καί
961 2602 1106 2689 στερεόν.
1136 2600 1263 2688 δμοίως

101 2709 216 2774 δὲκαὶ
245 2703 288 2772 τὰ
317 2703 351 2770 ἐν
377 2717 468 2782 τοῖς
496 2709 749 2788 μεταρσίοις
771 2701 1001 2787 ἐκπυροῦμενα
1023 2707 1079 2771 καὶ
1101 2706 1144 2772 τὰ
1168 2705 1202 2774 ἒν
1224 2713 1265 2794 τῇ

100 2813 156 2897 γῇ·
179 2807 295 2874 πάντα
323 2805 386 2892 μὰρ
408 2795 429 2894 ἢ
452 2799 574 2889 δέρος
596 2806 729 2872 τοιοῦδε
750 2805 904 2889 πύρωσις
925 2797 946 2892 ἢ
970 2800 1093 2892 δέρος
1116 2807 1186 2892 ἅμα
1208 2815 1262 2876 καὶ

102 2907 200 2997 ῦμροῦ
223 2912 281 2976 καὶ
303 2908 448 2995 γεώδους
469 2897 491 2994 ἢ
513 2908 651 2973 πάντων
666 2897 687 2994 ἢ
701 2921 774 2974 τοῖν
790 2908 894 2975 δυοῖν.
928 2912 979 2977 Ex
994 2912 1151 2979 adcurate
1165 2916 1265 2981 totius

102 3015 165 3082 looi
187 3013 448 3082 oonsideratione
470 3014 632 3079 enaseitur
647 3020 683 3078 ut
695 3009 739 3075 τὰ
755 3009 790 3075 ἐν
802 3023 876 3088 τοῖς
889 3018 1086 3099 μεταρσίοις
1102 3011 1264 3100 ἐκπυροῦ-

102 3138 185 3196 μενα
203 3114 288 3182 nihil
302 3115 392 3180 aliud
408 3133 479 3180 esse
493 3115 619 3197 possint
632 3115 695 3180 nisi
707 3107 762 3179 ‘ea
776 3133 860 3197 quae
875 3116 908 3180 in
924 3134 1000 3182 aere
1012 3110 1264 3184 comburuntur'.

103 3219 248 3286 Alterum
270 3215 415 3282 indieare
436 3215 528 3281 lubet
549 3216 671 3298 locum,
695 3235 791 3298 quem
813 3237 835 3281 a
856 3216 1083 3301 Theophrasto
1106 3219 1265 3302 originem

102 3322 270 3404 aooepisse
297 3317 473 3384 admodum
497 3325 546 3383 est
567 3318 637 3383 veri
659 3318 781 3401 simile,
810 3319 867 3384 ubi
889 3318 1024 3402 perinde
1047 3326 1144 3403 atque
1167 3341 1265 3404 supra

102 3421 277 3489 metarsion
292 3440 358 3486 vox
373 3419 416 3485 ad
434 3419 600 3501 regionem
614 3421 736 3485 aeriam
751 3421 854 3486 relata
868 3427 926 3488 est.
950 3421 990 3486 of.
1006 3421 1094 3488 Astii
1109 3422 1191 3506 plae.
1206 3423 1265 3506 111,

104 3528 170 3605 4‚4
191 3543 225 3609 p.
241 3523 349 3606 3711),
368 3526 405 3586 11
429 3510 539 3586 ‘Dox.’
559 3519 677 3586 Diels:
699 3518 896 3608 Ξενοφάνης
911 3513 981 3586 dni
1005 3523 1065 3607 τῆς
1086 3525 1146 3588 τοῦ
1167 3519 1264 3608 ἡλίου

103 3623 315 3709 θερμότητος
338 3617 384 3699 ὦς
406 3614 561 3708 ἆρκτικῆς
584 3618 696 3698 αἰτίας
717 3614 779 3686 τᾶν
801 3635 891 3699 τοῖς
912 3629 1166 3708 μεταρσίοις
1181 3647 1265 3710 σαμε

103 3729 242 3806 βαίνειν.
292 3725 505 3808 Xenophanis
534 3730 607 3789 sunt
639 3726 835 3807 sententiae,
868 3745 933 3792 non
966 3728 1076 3792 verba.
1125 3727 1217 3796 Haeo
1245 3751 1266 3796 a

104 3827 330 3913 Theophrasto
357 3827 564 3912 suppeditata
586 3841 673 3911 esee,
704 3827 759 3909 qui
781 3828 870 3893 Aetii
892 3829 1084 3911 plaoitorum
1106 3829 1264 3914 originem

105 3947 214 3997 seonm
243 3930 398 3996 voleurit
424 3934 538 4013 putare
567 3948 745 4012 propensus
773 3930 843 3994 erit.
895 3927 986 4007 Quae
1015 3949 1088 3996 oum
1116 3931 1163 3998 ita
1191 3935 1265 4016 sint,

192 4067 217 4130 1)
243 4063 295 4132 Qui
321 4061 395 4134 apud
418 4061 560 4117 Laertium
581 4061 599 4116 l.
617 4061 643 4118 V
659 4066 692 4116 43
721 4061 850 4118 laudatur
878 4059 1062 4131 Theophrasti
1086 4063 1162 4120 liber'
1181 4058 1265 4138 ιπερὶ

105 4144 371 4222 μεταρσιολεσχίας
391 4147 491 4216 ambigi
508 4149 602 4218 nequit
618 4147 683 4218 quin
700 4146 782 4202 ethici
800 4146 950 4215 argumenti
967 4146 1057 4202 inerit.
