3198 4974
276 395 319 450 De
336 395 459 452 lontibus
476 395 601 466 Dionysii
618 393 869 452 Halicarnassensis
887 397 1060 464 quaestiones
1077 395 1177 452 rumne.
1244 396 1305 456 201

149 567 238 654 apud
254 564 446 653 Dionysium
463 568 681 636 desideratur:
704 570 770 635 iam
792 573 868 650 tum,
892 587 965 635 cnm
987 569 1088 654 impio
1111 569 1199 637 illins
1222 569 1309 637 servi

150 670 312 756 supplicio
340 670 411 736 ludi
440 670 649 755 vitiarentur,
682 669 801 737 multos
831 671 901 736 eius
935 671 1067 738 domiuo
1099 671 1311 740 maledixisse

148 779 281 857 propter
317 773 499 857 improbum
531 772 664 838 fectum.
713 771 829 854 Neque
858 769 973 839 landes
1002 773 1210 856 clementina,
1245 793 1310 858 qun

149 875 295 958 pristinis
317 873 518 958 temporibus
541 875 628 941 servi
650 893 671 939 a
692 873 832 940 dominis
855 876 987 942 tractari
1009 875 1096 942 soliti
1120 880 1245 960 essent,
1267 876 1310 943 ab

149 982 282 1042 anctore
297 976 354 1042 illo
374 977 477 1042 altero
493 974 705 1043 Plutarchum
719 975 886 1058 accepisse
901 976 1093 1044 incredibile
1115 983 1174 1057 est,
1196 991 1308 1060 quam·

150 1095 247 1159 quam
276 1078 360 1144 ultro
389 1076 598 1145 Plutarchum
628 1077 708 1144 talia
740 1077 881 1144 inserere
912 1077 1125 1146 demonibus
1154 1081 1309 1148 Romanis

150 1178 323 1246 adamasse
351 1199 416 1248 non
445 1180 569 1262 ignoro.
615 1177 802 1246 sedetiam
824 1180 990 1246 annmium
1014 1181 1224 1264 sumptoribus
1246 1183 1309 1249 Ro·

149 1283 253 1348 manis
269 1281 423 1348 usitatum
438 1281 539 1348 fnisse
554 1281 695 1366 priscum
708 1282 948 1366 simplicitatem
961 1302 1001 1350 au
1011 1283 1164 1350 virtutem
1175 1283 1309 1351 laudare

149 1383 317 1468 Calpurnii
348 1383 506 1468 imprimis
534 1382 663 1450 Pisonis
685 1383 848 1450 nonnullis
870 1384 1059 1468 fragmentis
1080 1385 1236 1453 discimus
1258 1386 1311 1462 (ci.

146 1487 186 1553 fr.
210 1487 285 1552 Set
308 1487 370 1564 38).

234 1588 562 1654 verumenimvero
584 1606 649 1652 non
672 1587 776 1668 magis
799 1591 848 1652 est
870 1584 1013 1669 dubium,
1037 1588 1114 1672 quin
1137 1587 1311 1656 Plutarcho

149 1689 232 1758 haec
246 1690 311 1757 duo
334 1689 452 1772 capita,
476 1689 509 1754 in
533 1689 651 1772 quibus
673 1689 853 1755 certissima
875 1689 958 1755 alins
981 1690 1121 1757 auctoris
1144 1689 1311 1758 cniusdam

150 1791 273 1860 indicia
295 1790 393 1857 modo
417 1790 654 1870 demonstravi,
684 1789 899 1856 conscribenti
929 1790 1053 1856 etium
1087 1792 1312 1874 Dionysii

146 1893 248 1961 libri
273 1894 368 1961 usui
390 1891 563 1974 luerint,
588 1891 660 1957 sive
675 1896 772 1957 antea
786 1892 982 1976 compluries
1003 1900 1153 1962 accurate
1175 1896 1311 1982 perlecti

148 1997 219 2064 sive
248 1997 382 2080 inipso
410 1992 581 2062 scribendo
610 1993 726 2060 iterum
754 1999 854 2078 atque
882 1995 999 2060 iterum
1021 1997 1169 2064 consulti.
1215 1996 1311 2076 Quod

148 2103 186 2164 ut
213 2097 467 2164 luculentissime
494 2100 620 2179 patent,
650 2092 710 2162 hos
739 2114 861 2179 quasso
891 2097 982 2164 locos
1008 2097 1159 2184 Dionysii
1181 2106 1215 2166 et
1237 2101 1311 2166 Pln·

149 2197 255 2266 tarchi
276 2199 360 2265 inter
381 2217 418 2265 se
439 2216 629 2280 componas:

268 2301 364 2367 Dion.
389 2301 450 2366 VII
476 2303 527 2381 68,
551 2301 586 2365 3:
857 2298 941 2366 Plut.
966 2303 1007 2364 24
1030 2303 1116 2386 (441,
1143 2306 1211 2382 12):

140 2393 276 2470 Ἔπειθ’
297 2394 354 2489 ἧκέ
369 2425 423 2479 τις
438 2399 511 2466 ἐπὶ
526 2396 570 2464 τὸ
589 2403 703 2464 σονέ·
764 2391 953 2464 Ταῦταό’ἐν
965 2401 1311 2491 κλινιδίῳφοράόην

151 2496 705 2592 ὃριοντῆςβουλῆςόἱρρωστος
760 2502 1312 2593 κομισθεὶςεὶςτὴνσύμκλη-

150 2605 222 2673 ἐπὶ
271 2602 487 2671 κλινιδίου
537 2601 705 2686 κομιζό-
760 2595 1064 2690 τονᾶπήμγειλεν.

149 2731 284 2793 μενος.

237 2811 280 2877 lut
312 2809 471 2878 somnium
499 2809 620 2875 Latinii
653 2809 919 2894 interpretaturus
952 2819 1088 2896 uterque
1121 2814 1163 2879 ab
1196 2813 1312 2881 eadem

151 2913 344 2996 elocutione,
367 2911 484 2978 iisdem
506 2911 575 2977 lore
598 2911 707 2978 verbis
729 2930 816 2994 usus,
839 2913 966 2999 incipit:

271 3016 366 3080 Dion.
389 3013 452 3079 VH
477 3014 529 3097 69,
555 3017 586 3078 1:
858 3016 943 3083 Plut.
967 3019 1009 3079 24
1030 3019 1117 3099 (441,
1144 3018 1210 3094 rb:

143 3101 213 3184 Ἦν
236 3115 279 3182 δὲ
300 3107 482 3181 τοιόνδε·
749 3099 815 3182 Ἦν
839 3115 881 3182 δὲ
903 3119 1117 3184 τοιοῦτον·

236 3219 307 3286 Νοο
335 3219 440 3284 minus
469 3218 503 3284 in
531 3217 612 3302 ipsis
642 3218 960 3304 interpretationibus
993 3220 1108 3286 mirum
1141 3222 1312 3290 verborum

151 3321 396 3390 consensionem
419 3321 616 3386 invenimus:

270 3423 366 3489 Dion.
390 3422 451 3488 vn
476 3424 528 3503 69,
553 3427 588 3488 1:
898 3424 983 3490 Plus.
1008 3425 1051 3488 τι
1073 3425 1177 3502 (ιαμ

151 3517 401 3613 ἆνὴρῬοιμαῑος
416 3573 423 3587 .
437 3573 444 3587 .
460 3573 467 3587 .
485 3521 706 3606 ,θεράποντα
762 3521 892 3610 οἰκέτην
907 3548 960 3601 τις
976 3518 1080 3590 αὑτοῦ
1094 3522 1314 3611 παραδοὺς

150 3625 241 3693 ’ίόιον
265 3674 272 3688 .
297 3675 304 3692 .
329 3671 336 3688 .
360 3623 611 3707 παραδοὺς
633 3635 706 3702 τοῖς
761 3623 907 3702 οἰκέταις
934 3623 1062 3710 ἑτέροις
1094 3624 1313 3694 ἐκέλευσεν

151 3724 355 3812 ὁμοδούλοις
383 3720 501 3811 ἄγειν
523 3775 531 3789 .
556 3776 563 3789 .
589 3780 596 3792 .
622 3780 628 3792 .
654 3721 702 3792 δι’
763 3724 929 3812 ἐξάγειν
960 3723 1009 3794 δι’
1043 3723 1199 3814 ἀγορᾶς
1225 3755 1314 3814 μα-

152 3823 310 3914 ἇγορᾶς
344 3822 445 3894 αὐτὸν
486 3827 707 3894 ἐκέλευσε
763 3831 1105 3914 οτιμοῦντας...

151 3928 490 4017 μαστιγούμενον
514 3929 630 3997 ἕλκειν.

238 4035 413 4101 Praeterea
427 4035 537 4102 nescio
551 4055 595 4100 an
611 4035 710 4100 etiam
725 4033 759 4100 id
775 4034 925 4118 Dionysii
940 4033 1124 4102 auctoritati
1146 4033 1314 4118 debeatur,

153 4157 348 4223 quamquam
370 4137 468 4204 etiam
489 4137 557 4203 alia
578 4136 705 4203 ratione
727 4133 810 4204 haec
831 4155 882 4203 res
906 4135 1064 4221 explicari
1085 4136 1313 4220 putantquod
