3134 4986
301 375 364 436 352
756 376 884 444 Edgarus
901 375 1015 432 Martini

301 549 509 626 statuendum
537 548 632 615 uobis
657 555 708 617 est
734 546 996 634 Theophrastum
1016 537 1320 631 ‘Metarsiologiois'
1356 547 1400 615 de
1427 549 1467 614 iis

302 652 399 718 robus
428 671 512 734 quae
541 651 575 716 in
602 669 678 717 aere
707 650 788 717 fiunt
817 650 872 716 vel
899 649 988 734 quod
1016 649 1132 716 eodem
1157 655 1283 733 speetat
1304 649 1347 716 de
1370 650 1468 716 rebus

303 753 498 820 sublimibus
520 753 637 837 egisse.
671 752 732 820 (lui
754 753 958 820 oonieeturao
981 751 1112 834 egregie
1130 751 1220 818 favet
1234 752 1365 818 unionm
1381 751 1469 835 quod

305 875 347 922 ex
369 856 427 920 illo
449 854 533 921 libro
555 855 599 921 ad
620 862 731 923 nostra
744 860 893 937 tempora
908 853 1059 938 pervenit
1072 852 1295 936 fragmentum.
1318 851 1368 920 of.
1384 854 1468 919 Plut

300 948 446 1033 ‘Quaest
463 953 527 1023 Gr?
547 961 565 1021 7
581 977 613 1041 p.
627 959 700 1040 323,
716 960 814 1039 3sqq.
830 955 941 1021 Berua
961 957 1051 1030 τίνες
1072 952 1109 1018 αλ
1123 952 1296 1031 πλωιάδες
1310 954 1467 1040 νεφέλαι;

303 1053 366 1133 τὰς
380 1050 577 1140 ὑπόμβρους
588 1057 737 1140 μάλιστα
748 1058 805 1121 καὶ
817 1058 1086 1142 περιφερομένας
1098 1052 1236 1120 ἐκάλουν
1248 1049 1468 1135 (πλωιάδας,

303 1153 350 1235 ῶς
375 1157 596 1245 Θεόφραστος
626 1157 660 1224 ἐν
687 1157 828 1244 τετάρτῃ
856 1152 956 1240 ’Περὶ
984 1149 1188 1240 μεταρσίων’
1215 1155 1353 1244 εἴρηκεν.
1404 1160 1468 1225 Vix

304 1261 446 1328 dubitari
474 1268 583 1346 potest
604 1263 682 1345 quin
704 1261 889 1345 disquisitio
908 1253 1002 1342 ‘napi
1024 1250 1223 1341 μεταρσίων>
1248 1281 1270 1327 a
1290 1261 1467 1328 Plutarcho

304 1365 438 1430 laudata
460 1363 575 1430 eadem
598 1364 641 1429 sit
662 1368 761 1447 atque
781 1364 840 1428 illa
862 1381 946 1445 quae
960 1383 982 1428 a
996 1363 1126 1429 Laertio
1138 1355 1464 1448 ‘Meropototoysad'

303 1465 497 1548 adpellatur.
520 1467 585 1532 Res
595 1472 703 1531 autem
719 1466 900 1547 fragmento
916 1465 1078 1547 exseripto
1093 1469 1231 1531 traotata
1244 1465 1289 1532 ad
1303 1468 1467 1549 quaestio-

304 1587 378 1633 nem
401 1567 443 1633 de
466 1565 656 1634 sublimibus
679 1572 813 1652 spectat

390 1668 551 1747 Quoniam
580 1667 622 1733 de
649 1673 840 1752 argumento
859 1658 1169 1752 ‘Metarsiologioon’
1199 1670 1379 1737 oertissime
1402 1672 1467 1736 iam

304 1777 439 1854 oonstat,
461 1771 670 1853 anquiramus
692 1769 772 1854 quid
787 1767 1032 1852 Theophrastus
1053 1771 1144 1836 libris
1163 1763 1257 1854 ‘napi
1271 1764 1464 1856 μετεώρων’

303 1874 457 1939 traomit
510 1872 609 1938 (luins
643 1872 751 1954 operis
779 1871 844 1937 dno
872 1872 1054 1954 fragmenta
1081 1879 1223 1938 exstant:
1256 1873 1347 1957 prius
1379 1876 1466 1960 apud

304 1973 574 2058 Olympiodorum
597 1976 631 2040 in
654 1993 767 2040 oomm.
790 1972 834 2039 ad
855 1973 952 2039 Arist.
973 1966 1133 2040 ‘Meteon'
1150 1975 1206 2040 1.1
1226 1995 1258 2058 p.
1281 1977 1345 2041 239
1369 1978 1466 2043 vol.I

302 2076 401 2158 idel,
430 2076 501 2140 ubi:
534 2081 594 2160 τῆς
629 2074 666 2140 δὲ
702 2073 801 2162 λοξῆς
832 2071 993 2158 κινήσεως
1019 2077 1087 2139 τῶν
1116 2067 1247 2158 άνέμων
1273 2069 1378 2165 ἄλλην
1407 2077 1466 2158 μὲν

303 2176 417 2242 αἰτίαν
446 2169 464 2241 ὃ
490 2174 712 2260 Θεόφραστος
738 2173 773 2241 ἐν
794 2188 867 2252 τοῖς
889 2173 1027 2253 οἰκείοις
1048 2175 1230 2260 μετεώροις
1252 2169 1465 2245 ἀποδίδωσιν

300 2305 329 2344 κ.
347 2303 377 2344 τ.
393 2276 436 2363 ἑ.;
451 2279 612 2362 posterius
627 2281 788 2363 reperitur
800 2278 1017 2362 fragmentum
1032 2280 1120 2363 apud
1134 2280 1285 2347 Proolum
1299 2283 1335 2346 in
1351 2303 1464 2348 eornm.

301 2381 344 2448 ad
367 2372 575 2448 Plat.‘Tim.’
602 2403 634 2466 p.
660 2384 721 2446 176
737 2383 818 2464 Ep.
835 2385 895 2445 417
919 2379 1051 2464 Sohnd.‚
1074 2382 1129 2448 nbi
1150 2383 1304 2464 legimus:
1331 2380 1465 2470 [disqui-

301 2484 418 2550 sivisse
432 2479 704 2569 Theophrastum]
724 2480 837 2548 adden
859 2480 919 2563 μὲν
936 2479 972 2546 αἱ
985 2485 1135 2565 βρονταί,
1156 2482 1269 2548 πόθεν
1285 2483 1322 2548 δὲ
1339 2479 1464 2567 ἄνεμοι,

301 2597 402 2652 ποῖαι
417 2583 454 2649 δὲ
470 2584 579 2652 αἰτίαι
592 2587 769 2670 κεραυνῶν,
786 2580 970 2668 ἀστραπῶν
985 2582 1197 2670 πρηστήρων,
1212 2579 1329 2670 ὑετῶν,
1342 2586 1465 2668 χιόνος,

298 2686 460 2775 χαλάζης,
490 2685 512 2751 ἃ
543 2683 583 2774 δὴ
605 2687 715 2762 καλῶς
738 2687 847 2750 ποιῶν
870 2682 904 2750 ἐν
926 2687 967 2768 τῇ
988 2687 1055 2750 τῶν
1076 2686 1253 2772 μετεώρων
1277 2685 1466 2775 αἰτιολογία
1554 2727 1555 2797 η

302 2787 395 2876 [nors.
411 2788 616 2856 Sohnoidem
640 2790 716 2856 libri
737 2781 915 2874 ἀπολογίᾳ]
939 2796 999 2872 τῆς
1020 2786 1217 2875 πρεπούσης
1240 2787 1465 2876 εἰκοτολομίας

300 2893 355 2958 καί
380 2883 480 2966 αὐτὸς
494 2888 646 2976 ἠξίωσεν.
681 2891 780 2957 Hisoe
796 2890 923 2956 dnobus
937 2891 1019 2958 loeis
1034 2891 1187 2958 doeemur
1202 2891 1463 2976 Theophrastum

300 2996 334 3058 in
361 2995 445 3060 libro
471 2986 542 3058 ‘De
563 2984 727 3060 meteoris'
761 2992 803 3058 de
825 2992 921 3058 rebus
944 2993 1135 3060 sublimibus
1157 2993 1352 3077 disputasse.
1397 2995 1463 3060 Iam

301 3096 430 3178 quaeris
459 3113 543 3177 quae
566 3095 694 3160 tandem
719 3095 802 3160 ratio
824 3095 907 3160 iuter
928 3094 1028 3162 libros
1047 3087 1119 3160 ‘De
1140 3085 1306 3162 meteoris'
1333 3101 1366 3162 ot
1386 3089 1463 3162 ‘Me-

300 3186 514 3277 tarsiologioa'
547 3196 747 3262 intercedere
776 3195 935 3262 videatur.
985 3197 1050 3262 Res
1077 3196 1267 3264 dubitabilis
1297 3217 1369 3264 esse
1400 3217 1463 3264 uon

300 3302 418 3381 potest,
442 3296 519 3362 dnm
541 3297 639 3363 modo
661 3299 695 3363 id
719 3298 806 3382 quod
830 3317 928 3381 snpra
949 3298 1101 3364 universe
1122 3298 1164 3364 de
1180 3297 1231 3365 bis
1247 3298 1465 3382 Theophrasti

300 3400 392 3466 libris
419 3397 638 3481 disceptantes
661 3399 886 3466 contendimus
909 3400 1067 3466 memoria
1087 3407 1270 3472 teneamus:
1299 3401 1464 3468 seilieete

300 3502 466 3566 titulorum
488 3499 672 3567 differentia
693 3501 921 3584 conligendum
944 3521 1016 3568 esse
1037 3507 1264 3584 argumentum
1284 3494 1466 3569 ίΜοίατιὶο·

300 3724 361 3769 nou
383 3703 629 3786 Theophrasteo
651 3709 804 3773 vocabuli
818 3706 991 3772 metarsion
1007 3705 1161 3787 profeotis
1176 3706 1357 3772 certissima
1371 3705 1466 3772 uobis

300 3806 425 3872 ratione
447 3807 656 3888 comprobare
678 3809 770 3876 linuit
792 3801 1136 3889 in‘blotarsiologioia'
1162 3826 1227 3872 uua
1241 3807 1396 3873 sublimia
1412 3827 1466 3873 ex·

298 3595 443 3684 logioon’
473 3602 564 3668 aliud
585 3603 687 3670 fuisse
707 3614 806 3690 atque
828 3605 981 3670 librorum
1001 3596 1071 3670 ‘De
1092 3601 1264 3672 meteoris‘.
1307 3603 1405 3671 Nune
1425 3605 1466 3670 ab
1551 3659 1552 3668 ,

301 3907 408 3988 posita
428 3905 541 3974 fuisse.
579 3909 627 3975 Re
649 3909 696 3977 ita
719 3916 906 3996 comparata
928 3927 947 3974 e
969 3908 1095 3975 duobus
1117 3909 1228 3974 frustis
1250 3929 1271 3974 a
1292 3908 1412 3975 Proelo
1435 3915 1467 3975 et
1550 3965 1551 3992 3

301 4007 536 4092 Olympiodoro
553 4011 697 4076 elibello
710 4003 774 4076 ‘De
790 4000 955 4076 meteoris’
974 4012 1112 4078 servatis
1127 4031 1191 4076 non
1206 4010 1465 4078 concludendum

302 4109 363 4177 hae
390 4111 549 4193 scriptura
571 4112 738 4194 sublimia,
767 4111 826 4177 sed
848 4111 881 4176 in
904 4131 944 4178 ea
965 4117 999 4178 et
1020 4113 1172 4178 sublimia
1193 4118 1331 4179 tractata
1352 4113 1462 4181 luisse.
