3198 4974
317 373 379 432 130
534 377 537 384 ’
738 370 919 440 Engelhertus
937 369 1046 438 Drerap

317 548 520 628 Benselerus‚
549 546 704 621 Blassius,
726 543 932 611 Alhreohtius
961 542 1184 610 defenderunt.
1229 539 1371 609 Orellius
1401 560 1481 609 vero

317 650 493 734 praecipue
523 647 671 714 codicum
700 649 730 710 Ε
757 654 790 712 11
820 645 1084 712 &varietatibus
1112 645 1146 710 in
1174 664 1220 711 or.
1241 643 1302 709 XV
1324 646 1344 720 ξ
1366 646 1482 720 222124

315 754 415 836 01110,
438 750 479 816 de
501 750 618 833 quihus
641 750 709 832 egit
729 769 761 832 p.
778 747 905 831 276179,
927 746 1091 813 antidosin
1112 747 1155 812 ab
1169 745 1313 812 Isocrate
1327 751 1480 812 retracta-

293 861 383 919 vtam
417 871 489 920 esse
522 850 687 918 contendit
719 852 818 917 etiam
851 850 883 914 in
912 870 944 933 p.
968 851 1030 912 210
1065 847 1122 928 (ad
1154 847 1217 914 XV
1238 849 1292 926 28)
1321 853 1354 914 11
1387 848 1481 926 30112

315 955 371 1031 (ad
397 954 459 1020 XV
482 954 568 1028 321).
620 954 795 1020 Praeterea
827 953 1006 1018 orationem
1040 949 1103 1025 „de
1135 953 1238 1033 pace“
1267 951 1309 1016 ah
1338 949 1480 1016 Isocrate

314 1059 431 1122 iterum
453 1061 623 1121 tractatam
646 1075 718 1122 esse
740 1055 866 1122 censuit
888 1054 940 1132 (cf.
956 1073 988 1136 p.
1005 1055 1065 1116 241
1090 1051 1135 1118 ad
1150 1052 1227 1118 VIII
1244 1055 1307 1118 134
1322 1058 1355 1118 et
1368 1071 1401 1134 p.
1418 1052 1480 1115 304

314 1159 357 1224 ad
380 1157 458 1222 VIII
474 1155 546 1239 36),
562 1156 652 1240 quod
673 1158 728 1223 vel
751 1177 792 1223 ea
813 1157 855 1222 de
877 1173 977 1222 cansa
997 1173 1121 1237 recuso,
1144 1155 1223 1238 quia
1244 1153 1387 1221 Orellius
1409 1152 1479 1236 ipse

315 1260 464 1326 codicum
480 1258 648 1339 lectiones,
664 1277 745 1341 quas
759 1259 803 1324 ad
818 1259 959 1341 priorem
974 1256 1065 1322 illam
1080 1257 1301 1322 recensionem
1317 1254 1479 1338 pertinere

315 1361 396 1444 vult,
419 1367 531 1427 contra
552 1357 717 1425 antidosin
738 1361 872 1442 recepit,
895 1378 959 1442 quo
981 1357 1156 1424 Isocratem
1172 1358 1295 1424 iteratis
1310 1357 1395 1424 curis
1411 1362 1480 1421 tex·

314 1471 383 1529 tum
405 1461 639 1546 depravarisse
670 1463 830 1528 concessit
858 1462 911 1538 (cf.
941 1459 1011 1526 Βε.2
1043 1458 1087 1524 ad
1120 1460 1199 1525 VIII
1226 1461 1309 1536 133).
1361 1457 1481 1526 Contra

316 1565 463 1630 Blassius
486 1569 615 1646 praeter
636 1563 799 1630 antidosin
820 1564 873 1641 (cf.
889 1562 933 1628 ad
948 1563 985 1638 ἕξ
1000 1564 1072 1624 222.
1097 1565 1169 1626 225.
1194 1564 1279 1639 235.)
1302 1561 1479 1628 orationem

314 1665 553 1750 Trapezitioam
575 1665 617 1729 ab
632 1665 774 1731 Isocrate
789 1671 995 1732 retractatam
1011 1683 1082 1732 esse
1099 1665 1309 1748 existimavit,
1332 1664 1385 1730 cui
1405 1682 1479 1729 con-

315 1767 451 1833 tradixit
471 1764 689 1847 Albrechtius‚
719 1769 774 1849 qui
796 1775 905 1833 tamen
933 1787 1005 1833 cum
1027 1765 1189 1834 Blassium
1218 1766 1260 1832 de
1288 1765 1370 1833 locis
1400 1771 1479 1832 orat.

314 1869 375 1934 XV
398 1871 471 1932 225.
496 1870 570 1932 235.
592 1868 719 1933 xvssu
743 1870 899 1936 refellerit
911 1871 944 1952 ¹),
972 1868 1016 1934 ad
1037 1889 1082 1934 or.
1099 1868 1162 1934 XV
1177 1867 1294 1948 222124
1316 1868 1386 1933 eius
1408 1885 1480 1949 par-

316 1979 366 2036 tes
389 1970 559 2053 amplexus
589 1977 646 2036 est.
691 1969 1075 2054 111111οΚ111111111011.
1098 1972 1194 2038 Isocr.
1217 1991 1249 2055 p.
1274 1971 1348 2046 148)
1375 1985 1481 2051 neque

315 2071 476 2138 Havetius
498 2070 723 2137 Albrechtium
746 2073 787 2138 de
811 2071 873 2140 hac
894 2073 1054 2138 sententia
1076 2072 1312 2156 depulerunt2),
1336 2089 1407 2138 eum
1423 2089 1480 2153 pa·

314 2171 487 2256 raphrasin
507 2170 702 2240 rhetoricam
725 2175 758 2239 in
787 2172 838 2240 his
867 2172 1082 2258 paragraphis
1111 2175 1217 2240 inesse
1246 2172 1481 2252 contenderint,

315 2273 404 2357 quod
426 2274 554 2341 Keilius
577 2277 739 2342 nonnullis
761 2278 920 2361 exemplis
941 2275 1070 2342 firmare
1092 2275 1225 2342 studuit.

402 2374 562 2458 Equidem
585 2378 619 2442 in
641 2378 744 2444 Keilii
759 2377 958 2462 Havctiique
979 2385 1105 2462 partem
1121 2378 1212 2460 cedo,
1236 2378 1395 2460 exemplIs
1411 2377 1481 2460 qui-

315 2478 453 2546 busdam
482 2478 692 2563 paraphrasis
720 2479 902 2546 rhetoricae
935 2481 1295 2563 interpolationumque,
1329 2497 1414 2562 quae
1447 2479 1482 2544 in

314 2580 482 2647 codicibus
503 2579 675 2646 Isocrateis
691 2583 904 2665 reperiuntur,
926 2580 1092 2648 adhibitis.
1129 2581 1217 2646 Inter
1236 2600 1319 2664 quae
1341 2581 1482 2664 primum

314 2682 469 2748 orationis
492 2680 570 2746 VIII
594 2683 709 2762 132134
732 2685 907 2750 varietates
929 2682 1133 2765 offendimus,
1157 2703 1237 2766 quas
1259 2683 1388 2750 Keilius
1409 2684 1481 2750 hre-

314 2785 398 2849 viter
421 2784 487 2850 iam
509 2783 625 2848 attulit.
669 2783 735 2852 Ubi
757 2788 854 2861 1132
877 2785 1074 2878 1011111111
1104 2785 1138 2849 in
1165 2784 1306 2852 antidosi
1329 2787 1481 2854 omissam
1591 2791 1592 2811 *

314 2884 464 2952 ridemus
487 2886 634 2968 exceptis
658 2885 709 2952 his
731 2888 857 2954 verbis:
879 2890 932 2962 τίς
954 2879 1013 2950 οὖν
1029 2881 1207 2970 ἀπαλλαγὴ
1225 2885 1406 2970 γενήσεται
1420 2894 1481 2972 τῆς

313 2991 462 3072 ταραχῆς
484 2984 608 3070 ταύτης
631 3007 691 3070 pro
712 2991 765 3064 τίς
787 2972 847 3052 οὗν
869 2983 1046 3069 ἀπαλλαγὴ
1071 2983 1192 3070 γένοιτ’
1216 2981 1256 3051 ἂν
1280 2993 1345 3052 τῶν
1368 2995 1481 3054 κακῶν

314 3093 381 3152 τῶν
404 3085 594 3170 παρόντων,
624 3088 712 3171 quod
734 3089 777 3155 ad
799 3091 973 3157 Isocratem
996 3091 1102 3173 ipsum
1125 3089 1231 3156 redire
1253 3098 1342 3174 puto,
1370 3094 1480 3176 quiin

313 3192 401 3273 525,
435 3208 502 3273 qua
523 3196 633 3273 partes
657 3210 699 3257 ex
729 3193 875 3258 oratione
905 3192 969 3268 „de
991 3197 1094 3274 pace“
1123 3193 1157 3258 in
1185 3193 1328 3260 antidosi
1360 3195 1481 3262 allatae

313 3291 485 3376 incipiunt,
507 3290 624 3358 eadem
644 3291 747 3359 verba
768 3295 948 3379 scripserit:
971 3289 1170 3378 ἀπαλλαγὴν
1194 3289 1382 3378 εὖρήοομέν
1404 3319 1481 3360 τινα

312 3399 376 3458 τῶν
399 3396 509 3456 κακῶν
531 3397 598 3456 τῶν
622 3389 819 3478 naptarum
841 3402 909 3462 tota
931 3414 1060 3479 quoque
1082 3397 1189 3477 5132,
1211 3415 1295 3480 quae
1311 3396 1355 3463 ad
1370 3405 1480 3481 partes
1589 3473 1590 3482 1

315 3595 477 3681 superflue
499 3615 605 3680 neque
628 3597 734 3663 minus
756 3599 865 3680 inepte
888 3597 1002 3664 addita
1023 3599 1145 3666 luisset
1189 3600 1227 3666 In
1242 3602 1260 3676 §
1278 3603 1339 3667 133
1361 3609 1482 3685 autem,

314 3708 350 3764 ut
364 3700 398 3764 in
412 3697 554 3766 antidosi
570 3705 686 3782 exstat,
710 3697 792 3765 haec
806 3699 923 3766 verba:
947 3697 1158 3784 συμβούλους
1177 3701 1363 3782 ποιώμεθα
1379 3723 1483 3788 usque

314 3801 357 3868 ad
372 3801 602 3884 βουληθεῖμεν
619 3800 677 3865 καὶ
692 3801 933 3884 interciderunt,
957 3822 1030 3868 cum
1044 3808 1119 3887 post
1133 3802 1309 3869 πολιτείαν
1325 3805 1482 3872 insertum
1588 3835 1589 3858 1

406 4039 429 4100 1)
445 4035 668 4175 δὴώέογὶίθτίοὶιω
686 4037 713 4092 d.
730 4037 825 4106 philol.
844 4039 959 4094 Venetus
976 4055 1011 4092 au
1029 4037 1122 4093 Berlin
1138 4039 1186 4093 XI.
1205 4055 1232 4108 p.
1251 4039 1338 4110 53154.

400 4124 426 4187 2)
442 4121 453 4174 1
473 4162 480 4175 .
565 4160 572 4175 .
591 4137 618 4190 p.
638 4125 680 4176 20.
