3318 4970
305 341 345 400 24
724 342 863 409 Angustus
880 339 1032 394 dhnemann

311 514 555 599 sepulcralibus,
584 514 616 578 iu
647 514 763 596 tegulis
786 513 954 578 iuvenitur.
963 514 984 588 ¹)
1029 511 1134 577 Etiam
1164 511 1197 578 in
1226 509 1340 577 eodem
1369 510 1461 575 titulo

307 615 394 682 idem
412 634 589 700 cognomen
612 615 734 699 legioni
757 615 885 698 saepius
908 612 1054 679 additum
1077 618 1135 695 est,
1158 617 1192 678 ut
1212 612 1262 679 bis
1286 613 1319 677 in
1341 611 1387 678 tit.
1403 612 1460 676 III.

308 721 391 783 4300
407 720 462 795 (=
477 738 507 783 ιι.
525 718 588 800 57),
612 724 644 783 et
660 716 829 800 quinquies
851 716 905 781 vel
927 715 1035 782 sexies
1058 715 1111 780 vel
1126 714 1245 797 septies
1266 715 1297 779 in
1313 715 1459 796 nummis,

307 839 388 903 quos
413 817 580 885 Gallienus
603 819 636 883 in
657 817 741 884 hanc
764 817 924 900 legionem
946 816 1072 893 coditi)

391 920 445 985 IV.
480 919 558 991 Sed,
579 925 685 986 tumen
720 917 795 984 inde
824 939 845 984 a
872 917 1059 984 Garumnae
1093 917 1290 1001 temporibus
1322 917 1350 982 is
1383 936 1459 984 usus

305 1021 444 1105 irrepsit,
467 1028 502 1087 ut
520 1021 664 1104 legiones
679 1021 721 1086 ab
737 1020 939 1103 imperatoris
955 1021 1084 1086 nomine
1100 1019 1264 1102 gentilicio
1280 1037 1460 1100 cognomen

305 1130 476 1190 sumerent.
522 1123 570 1189 lla
598 1123 791 1206 cognomina
819 1123 861 1188 ab
889 1123 1083 1206 imperatore
1111 1122 1214 1204 petita
1243 1120 1361 1187 collata
1386 1125 1459 1186 sunt

305 1224 337 1290 in
361 1223 468 1290 indice
491 1225 716 1309 cognominum
740 1224 877 1308 legionis
900 1224 924 1288 Ι.
947 1223 1132 1290 Adiutricis.

338 1323 340 1328 ’
390 1325 582 1409 Priusquam
598 1326 640 1393 ad
664 1327 769 1410 ipsam
784 1324 950 1392 historiam
974 1323 1187 1392 enarrandam
1203 1322 1457 1408 progrediamur,

304 1427 367 1494 iam
391 1447 496 1510 pauca
518 1429 618 1494 verba
639 1429 756 1495 faciam

369 1637 397 1698 3.
433 1632 488 1698 De
512 1633 673 1714 origine
695 1632 870 1697 militum
893 1631 1074 1714 legionis
1097 1630 1122 1696 Ι.
1146 1629 1386 1697 Adiutricis.

390 1765 657 1850 Quandoquidem
675 1762 891 1834 Mommsenus
913 1767 1154 1834 accuratissime
1176 1766 1365 1850 disseruitil,
1389 1769 1457 1851 qui·

304 1889 379 1934 nam
392 1868 534 1934 omnium
548 1869 711 1951 legionum
727 1869 863 1936 dilectus
874 1875 981 1934 aetate
997 1869 1205 1952 imperatoria
1219 1869 1342 1952 fuisset,
1360 1889 1455 1952 quae·

305 1973 393 2054 ritur,
429 1976 582 2052 quantum
616 1991 664 2054 ea,
700 1991 783 2055 quae
817 1971 849 2036 iu
882 1971 1066 2036 universum
1097 1969 1138 2036 de
1167 1969 1290 2053 origine
1320 1973 1457 2038 militum

305 2072 555 2154 legionariorum
578 2071 661 2138 dixit
684 2074 733 2138 vir
763 2072 976 2154 doctissimus,
1000 2071 1043 2138 ad
1073 2071 1155 2138 hanc
1176 2071 1338 2154 legionem
1361 2075 1456 2156 perti-

305 2180 425 2255 neant..
457 2171 548 2251 Quae
577 2194 648 2241 cum
671 2173 779 2242 medio
801 2174 896 2258 primi
918 2193 949 2256 p.
973 2173 1048 2240 (ihr.
1071 2195 1102 2238 n.
1126 2174 1248 2240 sacculi
1276 2195 1359 2242 aevo
1383 2196 1455 2242 con·

304 2277 415 2342 stituta
445 2277 497 2356 sit,
521 2294 559 2342 ea
582 2277 700 2358 omnia,
730 2295 814 2358 quae
843 2277 876 2340 in
905 2277 1021 2342 ceteris
1050 2276 1232 2356 legionibus
1255 2277 1394 2358 valeant,
1424 2279 1457 2342 in

303 2375 366 2443 hac
393 2396 457 2443 non
486 2377 595 2442 valere
623 2377 829 2443 manifestum
857 2383 915 2442 est.
960 2377 1004 2442 Iis
1034 2377 1120 2442 enim
1149 2379 1347 2460 temporibus
1383 2399 1457 2446 usus

302 2479 358 2545 illc
392 2479 584 2562 praevaluit,
619 2485 654 2544 ut
686 2499 750 2544 non
783 2477 880 2545 modo
908 2479 993 2562 Itali,
1027 2476 1085 2544 sed
1115 2478 1211 2544 ctiam
1240 2479 1456 2562 provinciales

303 2581 390 2663 iique
413 2600 455 2647 ex
477 2580 607 2663 Illyrico
631 2580 831 2663 potissimum
855 2581 916 2646 orti
939 2581 1115 2646 exercitum
1139 2581 1346 2662 complerent.
1385 2580 1456 2660 Quo

304 2680 348 2764 fit,
372 2688 407 2746 ut
429 2683 463 2746 in
486 2682 587 2747 titulis
610 2680 703 2747 huius
719 2682 856 2764 legionis
872 2682 1116 2765 sepulcralibus,
1140 2683 1195 2764 qui
1218 2702 1281 2748 non
1304 2684 1349 2749 ita
1364 2685 1456 2749 multi

303 2782 464 2848 incastris
480 2782 794 2865 Mogontiaceusibus
817 2789 953 2866 exstant,
978 2803 1074 2848 unum
1097 2783 1213 2848 Italum
1237 2785 1292 2861 (sc.
1310 2786 1454 2851 Teanen-

304 2885 395 2965 sem)‚
426 2889 574 2966 quattuor
602 2885 720 2950 milites
752 2904 793 2950 ex
815 2884 983 2950 Pannonia
1012 2892 1044 2950 et
1066 2887 1207 2968 quinque
1230 2906 1270 2952 ex
1294 2887 1457 2954 Delmatia

304 2985 455 3052 oriundos
479 2985 694 3070 lobecinum),
717 2993 752 3052 ut
774 2987 996 3054 coniciendum
1019 2989 1060 3053 sit
1082 2989 1219 3070 legionis
1235 2990 1457 3073 supplementa

303 3089 411 3156 statim
427 3107 447 3153 a
462 3087 646 3171 primordiis
669 3089 789 3156 dilecta
811 3109 882 3156 esse
906 3108 947 3155 ex
970 3089 1034 3155 illis
1057 3090 1257 3173 potissimum
1273 3093 1456 3174 regionibus

392 3312 416 3373 1)
435 3305 470 3362 cf.
490 3306 547 3362 ind.
567 3305 757 3373 cognominum
775 3304 826 3374 leg.
844 3305 866 3360 I.
886 3306 947 3360 Adi.

392 3393 417 3456 2)
439 3391 474 3446 cf.
495 3391 588 3446 (ichen
605 3389 630 3444 V
647 3406 675 3460 p.
695 3393 745 3445 386
765 3395 802 3456 (ιι.
821 3395 976 3460 443-452).

389 3479 414 3543 3)
433 3475 469 3531 ci.
488 3476 600 3531 Hermes
617 3473 693 3530 XIX.
714 3479 737 3530 1.
756 3491 815 3545 sqq.
833 3482 861 3530 et
877 3473 949 3547 Eph.
968 3478 1052 3547 epigr.
1071 3477 1134 3546 Vp.
1151 3481 1293 3548 108-231,
1311 3481 1358 3534 ubi
1376 3481 1456 3536 etiam

302 3561 406 3630 patrias
426 3560 540 3615 militnm
559 3561 725 3628 singularum
744 3561 876 3629 legionum
894 3563 1012 3632 collegit.

389 3650 417 3714 4)
436 3646 574 3715 Originem
591 3646 720 3701 exhibent
737 3647 810 3702 tituli
828 3648 936 3704 Bramb.
957 3652 1033 3718 1091,
1053 3651 1127 3714 1143,
1149 3652 1222 3714 1140,
1243 3653 1306 3704 1288
1320 3655 1362 3715 i=
1375 3668 1401 3707 ιι.
1415 3656 1457 3720 30,

301 3735 344 3799 31,
363 3734 404 3798 32,
424 3735 467 3799 33)
485 3731 796 3804 Savariaquann),
813 3733 924 3788 Bramb.
945 3736 1020 3798 1142,
1041 3737 1114 3797 1144,
1135 3738 1208 3802 1145,
1229 3739 1292 3788 1141
1312 3739 1354 3799 (=
1372 3753 1399 3790 n.
1413 3740 1455 3803 34,

302 3820 343 3883 35,
363 3822 404 3882 36,
423 3820 466 3883 31)
492 3819 639 3886 Aequum
666 3817 784 3886 (Delmg
811 3818 920 3873 Bramb.
942 3822 1006 3873 1141
1026 3820 1069 3882 (=
1086 3835 1114 3872 n.
1134 3821 1177 3884 38)
1204 3820 1333 3888 oppidum
1359 3821 1457 3878 Iader

300 3902 419 3967 (Delmi,
443 3901 590 3956 Teanum
603 3896 735 3958 ‘Beckers
754 3903 871 3972 Katalog
892 3903 939 3958 des
961 3903 1084 3958 Maiuzer
1102 3903 1241 3958 Muscums
1268 3909 1289 3960 1.
1308 3904 1455 3976 Nachtrag’

304 3991 370 4042 1401Ι
389 3991 432 4054 (=
450 4003 478 4042 ιι.
496 3990 549 4054 40).
574 3986 775 4042 —Praeterea
801 4003 871 4042 uuus
898 3987 991 4042 Thrax
1018 4003 1051 4043 ex
1079 3987 1178 4058 oppido
1204 3991 1297 4058 Apro
1325 3991 1456 4048 oriundus

302 4071 423 4128 occurrit
440 4071 468 4126 in
486 4071 527 4127 tit.
547 4072 657 4128 Bramb.
676 4077 726 4128 938
745 4076 788 4138 (=
806 4089 833 4128 ιι.
854 4076 903 4138 30).
