3318 4970
475 382 517 438 De
534 381 639 450 legione
656 381 841 438 Romanorum
858 382 881 438 Ι.
899 381 1050 437 Adiutrice.
1301 382 1342 440 43

184 559 269 644 gesti
296 557 379 624 ratio
407 576 473 623 non
501 554 652 623 habenda
681 563 739 640 est,
769 556 856 639 quod
885 554 919 621 id
943 556 1146 623 Domitianus
1168 560 1265 622 antea
1286 575 1342 639 pa·

186 666 317 729 raserat
339 665 371 726 et
393 678 452 725 sua
473 663 588 743 sponte
607 665 801 742 susceperat.
809 661 832 736 ¹)
860 658 946 742 Ergo
961 659 1069 725 faeere
1083 677 1147 724 non
1163 676 1342 742 possumus,

186 765 265 847 quin
285 767 418 846 propter
439 759 631 827 seditionem
654 759 847 836 Saturnini2)
869 768 1015 827 exortam
1037 767 1213 828 statuamus
1235 780 1256 827 a
1278 760 1342 826 Do·

186 866 320 934 mitiano
342 864 515 930 Traianum
538 882 610 930 oum
632 860 757 929 duabus
779 863 962 946 legionibus
985 881 1026 929 ex
1041 861 1199 945 Hispania
1220 862 1343 929 anxilio

186 968 325 1036 accitum
348 984 429 1033 esse.

272 1068 339 1136 Sed
366 1073 539 1150 antequam
567 1065 610 1133 ad
639 1065 674 1132 id
700 1067 804 1150 ipsum
829 1068 934 1152 venio,
963 1066 1051 1150 qnod
1076 1065 1156 1132 mihi
1178 1065 1342 1149 proposui,

188 1171 230 1239 de
253 1170 413 1238 seditione
430 1169 562 1236 Antonii
582 1167 757 1252 Saturnini,
780 1170 870 1236 ouius
892 1171 926 1234 in
949 1168 1010 1235 hae
1033 1168 1251 1252 disputatione
1273 1185 1341 1233 sae·

187 1274 321 1360 pissime
348 1271 469 1338 mentio
497 1270 542 1353 fit,
576 1270 727 1354 breviter,
761 1271 788 1337 si
816 1273 932 1355 placet,
963 1289 1171 1354 exponamus,
1205 1270 1342 1353 primurn

188 1396 252 1461 qno
267 1381 413 1459 tempore
428 1391 557 1457 qnoque
577 1373 650 1439 loco
666 1379 737 1440 orta
751 1374 802 1457 sit,
824 1373 943 1440 deinde
958 1379 1036 1456 quot
1052 1379 1084 1440 et
1098 1390 1183 1456 qnae
1197 1371 1342 1454 legiones

187 1480 344 1546 scelerum
365 1476 539 1560 participes
562 1475 689 1559 fuerint,
712 1482 875 1559 postremo
898 1476 952 1541 ubi
976 1474 1174 1541 decertatum
1198 1474 1277 1549 sit.³)

231 1659 234 1663 ⁴
273 1577 364 1658 Quae
393 1577 509 1644 seditio
538 1579 589 1644 oui
618 1597 702 1644 anno
732 1577 937 1645 attribuenda
964 1584 1059 1660 esset,
1086 1581 1259 1660 postquam
1287 1572 1343 1638 diu

190 1681 410 1749 controversia
436 1680 497 1745 luit
526 1680 609 1746 inter
628 1680 716 1747 viros
738 1680 860 1763 doctos,
883 1699 968 1746 nuno
989 1678 1231 1746 accuratissima
1254 1674 1342 1740 inda·

189 1783 320 1868 gatione
352 1780 501 1847 adhibita
534 1779 746 1848 diiudicatum
776 1789 825 1848 est
852 1803 872 1848 a
900 1780 1073 1848 Theodoro
1107 1778 1255 1862 Bergae,
1288 1776 1344 1860 qui

188 1887 269 1952 actis
290 1885 492 1967 potissimum
514 1884 648 1949 fratrum
666 1883 836 1950 Arvalium
857 1883 987 1949 adiutus
1009 1883 1115 1949 hieme
1138 1883 1220 1947 inter
1243 1899 1344 1947 annos

189 1987 240 2052 88.
264 1991 296 2052 et
319 1987 369 2050 89.
392 1985 584 2053 seditionem
607 1991 709 2052 ortam
733 1992 765 2051 et
788 1985 933 2052 sedatam
956 2005 1029 2052 esse
1051 1984 1293 2051 demonstravit.

275 2088 391 2172 Neque
406 2107 470 2172 qno
493 2089 566 2154 loco
589 2088 706 2154 seditio
722 2088 891 2170 exstiterit,
913 2107 977 2154 non
998 2089 1061 2153 iam
1078 2086 1262 2170 ambigitur,
1286 2083 1343 2151 sed

189 2190 413 2273 Mogontiacill
427 2189 601 2256 Antonium
620 2191 846 2272 imperatorem
863 2191 1097 2258 consalutatum
1121 2207 1192 2256 esse
1215 2187 1345 2253 videtur

276 2345 300 2406 1)
321 2339 356 2395 cf.
370 2341 445 2395 Suet.
458 2337 560 2395 Domit.
574 2343 601 2393 6:
616 2334 813 2408 ‘expeditiones
825 2339 923 2408 partim
935 2343 1032 2408 sponte
1043 2339 1172 2408 suscepit,
1184 2337 1285 2407 partim
1297 2351 1343 2391 ne·

190 2427 431 2496 cessariorsponte
439 2425 467 2480 in
475 2423 585 2490 (lathos,
595 2425 748 2480 necessario
755 2425 869 2479 unamin
878 2423 1025 2490 Sarmatas,
1033 2425 1062 2478 in
1071 2423 1161 2478 Dacos
1172 2416 1248 2478 dua'
1257 2425 1313 2491 etq.
1321 2437 1343 2477 s.

276 2515 301 2576 21
320 2512 356 2567 oi.
375 2511 536 2576 Mommsen,
554 2509 645 2564 Herm.
664 2510 714 2564 ΙΙΙ.
733 2525 761 2578 p.
782 2513 839 2574 118,
863 2525 979 2579 quocum
997 2509 1070 2578 quod
1088 2509 1140 2563 hae
1158 2509 1186 2562 in
1204 2522 1234 2562 re
1251 2507 1344 2562 eadem

190 2598 324 2656 sententia
337 2613 397 2654 snm
409 2595 487 2652 valde
497 2595 615 2664 gaudeor
633 2610 720 2664 neque
732 2611 795 2652 sero
814 2594 899 2652 eidem
911 2595 1036 2650 assentiri
1053 2609 1173 2664 possum,
1192 2609 1254 2648 cum
1271 2592 1346 2648 dieat

190 2682 437 2740 vindenissam
454 2682 507 2736 iter
518 2680 665 2736 Traianum
678 2681 834 2746 intendisse,
853 2696 905 2749 quo
923 2681 984 2736 loco
1001 2680 1083 2736 etiam
1100 2695 1190 2749 pugna
1202 2680 1345 2738 commissa

189 2773 268 2834 esset,
287 2782 341 2836 qua
359 2768 392 2822 de
409 2781 439 2821 re
456 2767 514 2821 vide
531 2782 559 2835 p.
579 2767 664 2834 50151.

274 2856 300 2919 3)
318 2851 361 2907 De
390 2851 441 2906 hac
470 2850 603 2908 seditione
628 2851 786 2906 Antoniana
816 2852 858 2906 his
889 2851 1058 2922 potissimum
1083 2849 1160 2907 libris
1185 2868 1252 2907 usus
1270 2867 1344 2908 sum:

188 2939 328 2995 iohannes
346 2935 486 3002 Dierauer,
500 2931 639 3006 ‘Beitrbge
656 2953 691 2991 aa
710 2938 784 2992 einer
801 2937 865 2992 lrrit.
884 2935 983 2992 Gesch.
996 2930 1120 2990 Traians’
1138 2937 1166 2989 in
1180 2930 1344 3006 ‘deingers

188 3016 307 3080 Unters.’
325 3023 348 3078 I.
366 3037 393 3091 p.
413 3026 444 3076 11
462 3022 525 3078 adn.
539 3025 563 3076 2.
581 3053 616 3062 -
633 3022 756 3088 Schiller,
770 3016 882 3078 ‘Gesob
901 3022 949 3078 der
966 3027 1032 3078 rom.
1051 3015 1211 3077 Kaiseraeit'
1229 3023 1281 3092 lp.
1295 3027 1346 3077 524

189 3109 251 3165 adn.
271 3111 296 3162 2.
316 3137 348 3147 -
366 3105 502 3176 Imprimis
520 3106 572 3160 Th.
590 3107 688 3176 Bergk,
707 3101 769 3162 ‘der
786 3107 923 3164 Anfstand
945 3108 993 3163 des
1012 3107 1174 3162 Saturninus
1196 3122 1240 3162 am
1259 3108 1344 3164 Ober-

190 3195 267 3248 rhein
280 3193 316 3248 im
327 3192 353 3247 J.
367 3183 408 3246 ὅθ’
427 3193 455 3246 in
473 3192 551 3259 libro,
569 3191 618 3260 qui
633 3193 790 3248 inscribitur
803 3190 871 3248 ‘Zur
889 3193 989 3248 Gesch.
1007 3209 1035 3247 u.
1047 3192 1166 3262 Topogr.
1185 3192 1233 3246 der
1244 3192 1345 3249 Rbein·

190 3278 270 3334 lande
286 3278 315 3332 in
332 3282 400 3333 adm.
418 3270 470 3332 Zt.‘
488 3293 514 3346 p.
529 3281 628 3332 til—‘ll
648 3280 691 3343 (=
705 3271 827 3333 ‘Bonner
843 3271 967 3334 Jahrbbss
986 3282 1027 3332 18.
1047 3281 1132 3342 [isse]
1150 3293 1177 3346 p.
1193 3281 1345 3344 res-146).

189 3393 222 3404 -
239 3363 282 3418 Oi.
300 3363 381 3418 etiam
399 3361 490 3417 Herm
508 3361 558 3417 Ill.
576 3377 604 3431 p.
625 3366 682 3418 120.

274 3453 302 3516 4)
320 3447 355 3503 cl.
373 3447 437 3502 adn.
456 3450 481 3500 3.
495 3445 635 3501 Sententia
653 3446 790 3502 Theodori
808 3447 897 3516 Bergk
915 3447 954 3502 eis
971 3447 1090 3514 fulcitur,
1109 3461 1178 3516 quae
1195 3448 1247 3503 bac
1265 3448 1299 3503 de
1317 3461 1346 3504 re

190 3532 306 3603 protulit
323 3531 397 3587 Gsell
413 3532 453 3586 in:
468 3527 621 3600 ‘Melanges
639 3531 836 3602 d’aroheologie
854 3537 882 3587 et
899 3531 1044 3588 d’blstoire'
1063 3533 1103 3587 lx
1115 3537 1202 3600 11889)
1219 3547 1246 3603 p.
1262 3539 1344 3603 lsqq.

189 3619 218 3674 in
236 3617 430 3688 disputatione,
449 3631 519 3686 quae
529 3616 700 3672 inscribitur:
714 3611 905 3686 ‘Ohronologie
922 3618 970 3673 des
982 3618 1152 3688 expeditione
1164 3619 1198 3674 de
1210 3619 1346 3675 Domitlea

189 3703 310 3773 pendant
326 3698 433 3758 l'annde
450 3693 501 3756 89'.
537 3701 589 3770 Qui
608 3715 669 3756 oum
686 3702 801 3757 maxime
818 3702 922 3758 nitatur
939 3703 978 3760 eis
996 3704 1171 3772 argumentis,
1196 3719 1267 3774 qaae
1285 3717 1345 3760 car·

189 3789 263 3843 mina
281 3787 362 3842 Statii
378 3791 407 3842 et
418 3785 553 3842 Martialis
572 3787 713 3856 praebent,
733 3787 823 3854 certis,
841 3790 872 3842 ut
890 3788 996 3857 opinor,
1013 3790 1135 3845 terminis
1153 3789 1210 3846 dies
1229 3790 1344 3846 circum·

190 3873 282 3940 cludit,
301 3871 400 3942 quibus
417 3870 513 3927 seditio
531 3876 558 3926 et
576 3876 636 3928 orta
654 3877 681 3928 et
700 3887 856 3941 compressa
873 3873 918 3928 sit.

276 3964 300 4024 5)
320 3957 356 4013 ei.
374 3956 494 4024 Asbach,
508 3952 573 4013 ‘Die
584 3958 682 4014 Kaisar
693 3957 832 4014 Domitian
849 3974 877 4012 u.
897 3957 997 4014 Traian
1016 3975 1058 4015 am
1076 3953 1172 4016 Rhein'
1190 3961 1218 4015 in
1230 3955 1344 4016 ‘Westd

189 4035 331 4099 zeitschr'
350 4041 398 4096 111.
417 4057 444 4110 p.
465 4045 480 4097 8
499 4057 557 4112 sqq.
575 4043 714 4113 (imprimis
732 4059 757 4100 v.
775 4061 802 4114 p.
822 4047 854 4097 23
872 4043 936 4099 adn.
954 4047 1006 4110 36).
1025 4073 1058 4086 —-
1077 4045 1112 4102 ei.
1132 4046 1212 4100 etiam
1230 4045 1345 4100 Momm·

189 4144 245 4196 sen,
260 4123 350 4182 ‘Rom
371 4121 480 4184 (leseb.²
497 4128 530 4184 V.
548 4144 576 4197 p.
598 4132 644 4184 131
665 4128 727 4186 adn.
748 4134 771 4185 1.
