3270 4968
446 388 488 443 De
506 388 629 445 codicum
645 389 845 445 Isocrateorum
862 389 1035 446 auctoritate.
1278 387 1318 452 33

252 560 380 629 Paucae
396 568 503 629 tumen
520 563 693 630 varietates
707 568 882 647 remanent,
907 563 1022 648 quibus
1036 563 1208 631 auctoritas
1224 583 1319 647 quae·

164 663 239 730 dam
262 664 367 731 inesse
388 671 510 749 potest:

249 803 280 867 II
303 803 353 866 22.
376 801 418 867 ad
434 797 554 884 λόγους
577 794 597 885 ἢ
614 805 647 866 Δ
662 803 695 866 in
711 807 801 868 textu
816 800 915 868 habet
929 803 1054 886 signum
1070 823 1091 869 a
1105 807 1284 869 correctore
1299 805 1318 866 2

162 901 319 986 additum,
354 905 404 970 cui
433 909 541 972 tamen
563 905 684 970 nullum
706 922 811 988 neque
838 904 872 970 in
899 906 1054 992 margine,
1087 923 1193 988 neque
1222 923 1320 988 supra

162 1023 290 1072 versum
324 1005 576 1072 additamentum
609 1006 798 1090 respondet:
833 1003 952 1090 λόγους
984 1005 1110 1089 μᾶλλον
1140 1001 1161 1091 ἢ
1191 1009 1276 1070 E=
1294 1011 1322 1069 Γ

162 1126 241 1174 corr.
265 1111 284 1171 4
307 1107 465 1173 Madia.

246 1227 291 1292 IV
335 1230 385 1294 96.
430 1225 732 1311 ἐμπιμπραμένους
775 1227 840 1294 Aa:
892 1225 978 1310 ἐμπι
1022 1230 1217 1312 προεμένους
1260 1228 1318 1294 Ea.

163 1331 214 1394 97.
238 1324 355 1406 αὐτοῖς
387 1326 593 1414 ὥθήσοαθαι
621 1329 670 1394 Λα
693 1350 753 1416 pr„
786 1321 882 1394 αὐτοὶ
916 1327 1147 1416 σωθήσεσθαι
1180 1351 1259 1398 corr.
1283 1333 1318 1395 2:

161 1426 258 1496 αὐτοὶ
280 1426 488 1516 ὠθήοεσθαι
510 1433 565 1498 Ea.

247 1567 462 1637 Nihilominus
485 1568 535 1636 his
550 1567 750 1654 lectionibus,
774 1573 923 1654 quamvis
938 1571 1042 1655 primo
1059 1569 1189 1653 quidem
1206 1571 1318 1637 obtutu

161 1669 315 1737 iudicium
338 1673 465 1738 turbare
487 1671 667 1756 videantur,
690 1673 770 1739 mihi
786 1693 973 1758 persuasum
987 1693 1051 1739 non
1067 1692 1138 1740 esse
1154 1671 1317 1752 confiteor,

162 1791 234 1839 cum
258 1793 299 1840 ex
314 1774 385 1858 ipso
403 1774 514 1842 codice
530 1775 686 1842 Vaticano
701 1776 811 1860 aliquo
827 1776 924 1842 modo
940 1776 1150 1860 explicentur.
1189 1775 1315 1841 Etenim

161 1875 195 1940 in
225 1876 369 1943 oratione
395 1878 501 1960 1122,
531 1897 725 1962 quamquam
755 1880 889 1945 verbum
918 1878 1043 1958 μᾶλλον
1072 1878 1105 1942 in
1134 1881 1225 1943 textu
1254 1897 1317 1944 non

162 1979 334 2063 invenitur,
364 1981 455 2062 signo
482 1979 645 2063 adscripto
674 1980 771 2047 lectio
801 1981 960 2064 quaedem
991 1979 1121 2047 diversa
1148 1979 1316 2046 indicatur.

161 2079 253 2158 Quae
282 2101 353 2148 cum
384 2083 417 2148 in
446 2082 589 2149 oratione
622 2082 686 2158 „de
716 2085 970 2166 permutatione“
1004 2083 1140 2165 legatur,
1173 2080 1250 2148 inde
1284 2082 1316 2146 in

162 2182 337 2248 orationem
361 2183 404 2250 ad
426 2184 592 2252 Nicoclem
620 2185 717 2252 inseri
745 2187 859 2268 potuit.
896 2184 989 2264 Quod
1005 2184 1048 2251 ad
1073 2183 1228 2251 antidosis
1258 2181 1318 2265 ἒμ-

163 2308 203 2348 πι
218 2289 411 2367 πραμένους
426 2287 574 2371 pertinet,
590 2287 632 2354 ad
649 2289 749 2371 ipsius
766 2288 959 2372 Panegyrici
974 2288 1079 2354 locum
1094 2305 1246 2369 provoco,
1262 2287 1317 2352 ubi

160 2387 311 2454 librarius
335 2409 406 2456 eum
429 2388 574 2456 codicem
596 2389 786 2456 Vaticanum
809 2396 936 2457 secutus
958 2391 1096 2473 primum
1120 2386 1317 2471 ἐμπιμπρα-

161 2494 284 2571 μένους
307 2493 507 2560 exaravisset
528 2492 667 2558 litteram
690 2515 713 2572 μ
736 2498 850 2576 postea
872 2491 1003 2558 delevit.
1048 2489 1232 2558 Notandum
1262 2489 1315 2556 de·

160 2593 259 2677 nique
282 2595 452 2662 lectionem
475 2595 494 2676 §
517 2597 572 2660 97:
603 2589 698 2658 αὐτοὶ
721 2590 931 2679 deridendos
959 2594 1085 2677 insigne
1113 2593 1237 2660 librarii
1266 2613 1315 2660 so·

162 2695 292 2762 cordiae
326 2698 508 2781 exemplum
537 2715 608 2763 esse
638 2697 797 2782 existimo,
831 2716 926 2780 quam
958 2715 1056 2780 supra
1085 2695 1172 2762 haud
1204 2695 1316 2780 paucis

160 2798 241 2864 locis
264 2801 482 2884 comprobavi.

247 2917 318 2997 Quo
341 2939 412 2985 cum
435 2919 556 2987 codicis
579 2919 782 2986 Ambrosiam
805 2919 961 3002 originem
990 2918 1033 2985 ad
1059 2917 1205 2986 codicem
1228 2917 1316 2984 Vati·

161 3040 276 3086 cauum
299 3021 404 3088 redire
428 3042 523 3106 posse
546 3021 841 3105 demonstraverim,
864 3022 951 3088 idem
974 3021 1102 3087 indiciis
1125 3019 1316 3103 quibusdam

161 3121 353 3191 adventiciis
376 3124 569 3192 confirmem.
613 3123 944 3190 Inoratiouis1114
972 3123 1078 3190 verbis
1108 3123 1140 3188 in
1176 3121 1316 3188 antidosi

162 3226 324 3310 excerptis
346 3226 417 3294 cod.
441 3227 489 3291 E‘i
513 3226 595 3294 haec
617 3225 727 3292 habet:
759 3221 900 3289 κάλιοια
924 3218 1014 3310 δ’ὂῒν,
1043 3245 1114 3292 cum
1137 3225 1170 3290 in
1200 3225 1315 3292 ceteris

162 3326 328 3394 codicibus
350 3325 497 3409 μάλιστα
520 3315 598 3393 δ’ὂέν
627 3330 762 3412 legatur,
792 3333 928 3412 excepto
951 3327 1064 3395 codice
1085 3327 1252 3408 Vaticano,
1282 3327 1315 3391 in

162 3449 226 3512 quo
242 3430 391 3498 librarius
406 3429 488 3498 haec
503 3432 573 3499 sole
588 3431 716 3514 scripsit
754 3429 873 3495 άλιστα
890 3422 979 3516 δ’ἃν,
994 3430 1101 3495 littera
1114 3431 1155 3490 M
1165 3429 1314 3512 supplen-

161 3533 205 3599 da
226 3533 412 3601 rubricatori
443 3535 564 3618 relicta,
594 3535 649 3617 qui
671 3539 778 3600 temen
806 3531 850 3599 ad
878 3531 963 3599 hune
990 3532 1096 3598 locum
1125 3551 1189 3597 non
1218 3550 1314 3616 pene·

162 3635 268 3702 travit
313 3637 427 3720 Neque
455 3637 551 3720 longe
579 3637 673 3703 abest
693 3637 790 3702 lectio
814 3655 859 3702 or.
883 3634 959 3700 Vlll
983 3637 1038 3698 35:
1068 3638 1314 3720 προῃρημένων

161 3743 192 3801 Γ
216 3741 505 3821 (προαιρουμένων
538 3740 635 3816 ΘΛ);
668 3741 918 3823 προ·ρημένων
947 3740 986 3820 Δ,
1019 3737 1127 3803 littera
1154 3761 1174 3822 ῃ
1203 3757 1315 3804 acor·

160 3846 284 3909 rectore
308 3840 448 3924 quodam
464 3861 570 3908 erasa:
594 3842 844 3925 προειρημένων
861 3841 898 3922 Ε,
922 3859 1058 3923 quaeum
1073 3839 1218 3906 conferas
1234 3840 1314 3907 duos

161 3942 221 4010 hos
249 3945 338 4011 locos
367 3943 511 4012 eiusdem
541 3943 708 4010 orationis:
742 3942 818 4008 Vlll
847 3945 897 4008 22.
928 3939 1179 4026 κερσοαλέπιην
1208 3944 1240 4005 Δ
1265 3963 1312 4026 pr.

160 4046 426 4134 (κεροοβλέπτην
448 4068 527 4116 corr.
545 4047 591 4126 3):
615 4044 864 4131 κερσοκλέπυην
880 4047 916 4110 Ε.
956 4046 1005 4109 85.
1023 4041 1313 4129 ἐμφρονεσιέροος

164 4153 232 4215 ΓΔε
258 4148 529 4233 ἕμφανεονέρυυς
553 4152 582 4212 Ε
602 4150 662 4233 (φρ
685 4149 718 4214 in
740 4148 772 4211 Δ
791 4148 850 4213 litt.
875 4148 1000 4214 coalitis
1023 4150 1125 4231 expr.)

211 4257 323 4312 resperget
336 4257 436 4302 sonan.
455 4257 530 4302 xvu.
1145 4251 1160 4300 3
