3318 4970
315 400 355 456 10
713 400 852 466 Augustus
871 397 1023 452 Juncmann
1044 441 1046 444 .

316 573 508 657 quinprima
520 571 726 637 classicorum
738 570 835 654 legio,
852 589 934 653 quae
946 569 979 636 in'
991 570 1097 654 capite
1110 573 1150 634 67
1162 569 1237 634 libri
1250 569 1282 636 Il
1293 570 1367 638 hist.
1385 591 1469 638 ccm-

313 681 516 758 memoretur,
533 673 646 741 eadem
661 673 712 756 sit,
729 672 859 756 quaein
876 672 983 754 capite
995 675 1036 735 44
1051 671 1125 737 libri
1136 671 1184 737 III
1199 672 1304 755 prima
1319 672 1471 739 Adiutrix

314 775 518 843 nominatur?
552 774 624 853 Qua
646 774 687 840 de
716 793 814 841 caasa
843 772 991 856 equidem
1022 772 1100 838 milri
1129 775 1275 856 persuasi
1298 774 1469 858 legionem,

316 898 411 962 quam
433 877 519 944 Nero
542 897 560 944 e
583 878 686 944 classe
709 875 958 960 conscripserat,
981 875 1080 941 fuisse
1102 875 1238 957 primam
1262 875 1470 942 Adiutrieem.

402 978 530 1058 Quare
554 979 683 1062 cognita
704 978 768 1043 iam
791 995 840 1062 ea,
864 996 947 1060 quae
970 995 1067 1060 supra
1083 975 1247 1062 disputata
1269 983 1351 1060 suut,
1373 977 1470 1044 facile

315 1102 411 1168 posse
434 1080 604 1147 diiudicari
633 1085 784 1164 apparet,
814 1079 974 1162 legionem
997 1080 1021 1143 I.
1044 1077 1245 1144 Adiutrieem
1269 1080 1472 1146 constitutam

316 1204 387 1252 esse
410 1204 431 1250 a
452 1183 579 1249 Nerone
602 1201 643 1248 ex
666 1181 821 1247 militibus
852 1180 1042 1262 classiariis,
1070 1181 1168 1264 paulo
1190 1187 1361 1264 antequam
1385 1182 1472 1248 diem

317 1304 501 1369 supremum
516 1285 658 1350 obiisset.
693 1283 777 1348 Hinc
792 1283 890 1366 igitur
905 1281 1026 1366 optime
1041 1282 1251 1368 intellegitur,
1275 1303 1330 1350 cur
1345 1284 1369 1349 ii
1384 1290 1471 1350 vete-

316 1389 395 1470 rani,
420 1387 473 1470 qui
495 1386 624 1468 legione
647 1384 819 1451 constituta
833 1385 929 1466 primi
950 1383 1041 1450 missi
1057 1389 1139 1468 sunt,
1155 1391 1283 1468 praeter
1305 1384 1471 1454 honestam

317 1489 500 1556 missionem
533 1487 630 1552 etiam
658 1487 820 1551 civitatem
850 1485 1050 1569 acceperint,
1081 1487 1226 1553 celasse
1249 1488 1351 1570 enim,
1383 1489 1472 1554 euius

318 1592 437 1657 milites
459 1589 681 1655 libertinorum
709 1594 741 1654 et
768 1588 1010 1670 peregrinorum
1040 1587 1153 1654 ordine
1176 1595 1267 1654 erant
1289 1591 1471 1673 conscripti,

318 1693 361 1760 ad
383 1691 618 1759 honoratiorem
642 1689 789 1754 militiam
819 1690 964 1772 provecti
995 1695 1094 1755 eraut.
1139 1691 1222 1756 Tum
1244 1691 1316 1774 ipsa
1344 1690 1406 1756 hac
1428 1710 1472 1772 re,

319 1795 405 1878 quod
418 1793 499 1860 haec
510 1793 596 1876 legio
607 1798 735 1876 praeter
747 1791 1010 1858 cousuetudinem
1023 1798 1131 1858 creata
1147 1793 1179 1857 in
1190 1792 1269 1858 urbe
1281 1800 1425 1860 remanet
1440 1795 1472 1876 ¹),

320 1903 352 1962 et
375 1915 445 1961 eam
469 1895 681 1977 conscriptam
706 1912 777 1959 esse
799 1893 989 1960 turbulentis
1013 1895 1222 1977 temporibus,
1246 1894 1362 1978 quibus
1386 1893 1472 1960 haud

320 2017 392 2063 raro
415 1996 540 2080 legibus
563 2013 687 2078 usuque
716 1996 907 2079 contemptis
936 2014 1040 2060 novae
1062 2015 1114 2060 res
1137 1997 1367 2079 moliebantur,
1390 1998 1474 2064 indi·

319 2105 425 2182 catur,
456 2103 488 2164 et
509 2097 683 2179 sententia,
714 2114 810 2179 qnam
834 2116 931 2180 supra
952 2096 1171 2181 laudavimus,
1195 2099 1333 2182 fulcitur,
1357 2098 1471 2166 eodem

319 2201 383 2266 iam
399 2219 482 2266 anno
499 2201 560 2281 68,
582 2217 646 2280 quo
662 2199 823 2264 veteranis
839 2199 952 2281 primis
968 2197 1104 2266 honesta
1118 2200 1228 2266 missio
1243 2205 1340 2282 atque
1356 2203 1471 2269 civitas

320 2301 397 2368 data
418 2307 476 2383 est,
499 2301 660 2383 legionem
684 2300 889 2366 constitutam
912 2319 993 2366 esse.
1353 2366 1354 2372 ,

404 2405 447 2470 At
462 2403 581 2469 dixerit
600 2402 737 2468 fortasse
752 2401 912 2486 quispiam
927 2419 1032 2483 neque
1048 2402 1184 2468 Dionem
1209 2423 1280 2470 esse
1301 2405 1473 2488 neglegen-

319 2509 412 2590 dum,
444 2506 497 2589 qui
527 2525 548 2570 a
570 2503 676 2569 Galba
704 2505 917 2587 conscriptam
947 2522 1017 2569 esse
1044 2504 1203 2586 legionem
1228 2505 1252 2570 Ι.
1276 2505 1473 2574 Adiutrieem

318 2610 439 2690 tradat,
468 2627 573 2690 neque
596 2605 783 2672 Suetonium
807 2604 1078 2688 Plutarehumque
1107 2612 1273 2673 narrantes
1302 2608 1474 2692 legionem,

319 2733 414 2796 quam
429 2711 515 2776 Nero
539 2729 556 2774 e
573 2709 676 2774 classe
699 2708 933 2791 conscripserit,
957 2708 1044 2774 iussu
1061 2707 1185 2774 Galbae
1201 2708 1312 2775 urbem
1329 2710 1474 2778 intrantis

318 2812 510 2879 trucidatam
533 2829 613 2876 esse.

404 2912 489 2978 Sane
519 2910 554 2977 id
583 2909 712 2994 quidem
743 2909 984 2977 concedendum
1015 2917 1063 2977 est
1093 2911 1293 2988 Dionomu
1321 2915 1432 2980 testari
1457 2935 1476 2980 a

320 3015 445 3083 Galba
466 3014 627 3096 legionem
650 3013 675 3076 I.
691 3013 888 3078 Adiutrioem
904 3014 1021 3080 lectam
1038 3031 1118 3080 esse.
1153 3012 1218 3079 Sed
1234 3014 1413 3082 audiendus
1428 3023 1477 3084 est

320 3117 467 3199 Tanites,
496 3115 551 3197 qui
577 3115 750 3181 memoriae
778 3113 911 3180 tradidit
921 3117 943 3191 3)
973 3115 1171 3182 Neronem
1200 3117 1428 3200 conscripsisse
1457 3138 1475 3185 e

323 3255 527 3267 ...-.-—·-—

409 3320 434 3384 1)
451 3315 570 3384 Legibus
587 3315 657 3370 eninr
677 3313 838 3368 vetabantur
855 3314 975 3382 legiones
994 3318 1020 3369 et
1038 3316 1065 3370 in
1082 3315 1163 3370 ltalia
1181 3320 1208 3370 et
1225 3316 1253 3370 in
1270 3317 1338 3372 urbe
1355 3317 1472 3373 tendere.

319 3403 416 3470 Itaque
434 3401 532 3455 stativa
549 3399 673 3454 instituta
694 3398 829 3462 videmus,
852 3399 950 3467 quibus
976 3401 1073 3454 milites
1096 3401 1192 3468 procul
1209 3401 1244 3455 ab
1263 3401 1330 3456 urbe
1348 3417 1396 3471 per
1413 3418 1478 3472 pro·

320 3485 421 3541 vincias
439 3485 619 3540 habebantur.
656 3484 699 3537 nb
719 3483 840 3552 Septimii
858 3485 948 3540 Severi
966 3489 1056 3540 aetate
1075 3486 1181 3538 demum
1198 3485 1244 3539 ille
1263 3501 1329 3541 usus
1347 3490 1478 3552 mutatur,

321 3571 356 3626 cl.
375 3569 544 3638 Marquardt,
559 3563 647 3624 ‘Rem
668 3563 846 3624 staatsvarwss
867 3569 907 3622 11²
926 3586 953 3639 p.
967 3575 1016 3625 lte
1036 3574 1063 3624 et
1081 3586 1107 3638 p.
1122 3573 1170 3624 451
1189 3569 1252 3625 adn.
1267 3575 1290 3624 5.

407 3661 432 3722 2)
452 3655 482 3710 Ο.
500 3654 552 3708 Dio
572 3659 613 3718 55,
627 3655 673 3707 24:
699 3647 715 3708 ὃ
734 3649 852 3726 Γάλβας
876 3651 911 3712 τό
933 3675 964 3712 τε
987 3659 1107 3728 πρῶτον
1131 3653 1164 3711 τὸ
1189 3650 1375 3727 ἐπικουρικὸν
1392 3653 1425 3713 τὸ
1445 3655 1477 3714 ἐν

320 3745 355 3814 τῇ
373 3739 520 3814 Παννονίᾳ
539 3741 573 3809 τῇ
591 3733 670 3795 κάτω
688 3735 788 3796 καὶτὸ
808 3736 934 3811 ἕβδομον
953 3739 987 3796 τὸ
1007 3737 1038 3796 ἐν
1056 3732 1160 3816 Ἰβηρίᾳ
1179 3739 1337 3807 συνέταξεν.

407 3827 434 3888 3)
453 3823 543 3878 histl
557 3828 581 3878 6.
595 3823 754 3878 -Dionem
773 3825 889 3893 quidem,
907 3825 930 3879 si
948 3825 990 3878 his
1002 3825 1102 3880 uerbis:
1124 3817 1139 3881 ὃ
1158 3821 1278 3897 Γάλβας
1294 3821 1329 3882 τό
1349 3845 1381 3883 τε
1399 3831 1478 3899 πρῶ·

320 3930 374 3968 τον
392 3905 426 3966 τὸ
445 3903 693 3981 ἐπικουρικὸν...
713 3907 864 3975 συνέταξεν
883 3909 998 3964 Galbam
1015 3910 1181 3965 conditorem
1199 3909 1312 3977 legionis
1332 3911 1476 3980 significat,

320 3997 349 4051 in
374 4009 491 4051 errorem
515 3993 625 4047 ductum
648 4007 707 4048 esse
730 3994 891 4050 contendere
908 4010 1068 4064 possumus,
1091 4000 1236 4064 propterea
1254 3996 1326 4064 quod
1343 3997 1478 4052 incertum

324 4087 366 4137 est
383 4094 427 4147 an,
447 4094 508 4134 cum
527 4077 560 4132 de
572 4078 673 4146 origine
684 4077 797 4146 legionis
814 4080 915 4134 referre
930 4079 1019 4148 uellet,
1037 4080 1195 4136 recordatus
1214 4081 1250 4135 sit
1262 4081 1333 4135 hane
1346 4081 1478 4150 legionem

323 4165 374 4221 sub
388 4164 475 4221 Galba
492 4163 608 4234 primum
625 4163 708 4218 rebus
726 4165 807 4231 gestis
819 4163 976 4220 interfuisse
994 4169 1020 4218 et
1037 4164 1072 4220 ab
1091 4165 1183 4220 eodem
1195 4166 1359 4235 imperatore
1376 4167 1478 4235 primos
