3198 4974
268 395 311 451 De
328 395 450 451 fontibus
468 395 595 466 Dionysii
611 395 862 450 Halicarnassensis
880 395 1053 464 quaestiones
1071 395 1172 450 variae.
1238 394 1301 452 211

138 587 208 651 cap.
234 572 273 632 17
295 571 345 649 (ε
365 567 426 634 VH
449 570 489 633 26
514 575 547 635 et
569 572 667 646 35).1)
691 603 732 614 -
756 569 904 652 Denique
927 567 1070 635 vidimus
1092 569 1193 636 semel
1217 573 1303 634 certe

138 669 347 738 Plutarchum
363 671 516 755 Dionysii
530 689 620 737 reru
629 691 661 736 m
683 671 829 737 ordine
843 672 958 738 relicto
973 671 1017 736 ad
1032 671 1213 737 Romanurn
1228 689 1302 736 auc·

138 779 241 839 torem
265 792 337 839 sese
352 773 586 857 applicavisse:
610 793 681 856 cap.
698 775 741 836 24
764 779 797 838 et
812 775 852 836 25
876 776 931 850 (π
947 773 1043 839 Dion.
1065 771 1144 838 VIII
1166 773 1304 849 2÷vl1

138 877 302 952 68-73).
319 875 380 941 (lui
403 875 475 941 loco
488 875 598 941 nescio
620 895 662 939 an
677 873 848 941 addendus
864 875 906 941 sit
920 875 1020 940 alter:
1035 895 1106 959 cap.
1133 879 1173 941 13
1196 875 1304 952 (Dion.

138 977 199 1044 VII
225 979 371 1052 13-19).

225 1077 316 1157 Quae
352 1079 461 1145 omnia
498 1079 526 1145 si
555 1083 661 1144 tecum
690 1078 910 1162 reputaveris,
948 1077 1107 1145 concedes
1136 1079 1206 1145 veri
1240 1099 1305 1144 non

136 1201 210 1249 esse
240 1182 346 1248 simile
375 1179 586 1247 Plutarchum
615 1181 745 1263 singula
774 1186 897 1246 tantum
925 1181 1063 1247 frustula
1092 1201 1135 1246 ex
1163 1181 1305 1247 Antiatis

136 1285 309 1350 annalibus
332 1290 488 1367 excerpta
503 1282 728 1367 Dionysianae
742 1284 920 1349 narrationi
936 1285 1127 1368 inseruisse;
1151 1283 1211 1350 scd
1230 1303 1304 1368 pro-

134 1388 210 1471 pius
238 1406 298 1453 nos
329 1387 372 1454 ad
401 1406 514 1454 verum
543 1384 700 1452 accedere
731 1386 928 1452 conicientes
962 1394 1019 1452 aut
1046 1388 1135 1470 ipsos
1161 1386 1304 1453 Antiatis

134 1490 238 1555 libros
253 1488 429 1556 Plutarcho
445 1487 612 1555 Coriolani
633 1486 736 1554 vitam
759 1489 966 1571 componenti
980 1495 1111 1572 praesto
1133 1487 1234 1556 fuisse
1249 1494 1307 1554 aut

136 1591 307 1675 epitomas,
331 1611 412 1674 quas
428 1611 470 1657 ex
492 1590 559 1656 illis
581 1589 643 1656 sibi
667 1590 808 1672 iecisset,
831 1608 887 1658 eas
910 1595 1029 1674 tamen,
1053 1591 1170 1673 quibus
1193 1610 1306 1658 omncs

134 1713 188 1760 res
211 1693 254 1760 ad
275 1694 441 1782 Valerium
457 1693 660 1759 Publicolam
685 1698 717 1758 et
733 1691 941 1759 Coriolanum
966 1711 1141 1777 eorumque
1157 1702 1306 1777 tempora

134 1797 336 1881 pertinentes
359 1793 720 1880 comprehenderentur.

222 1899 270 1964 Ao
292 1905 409 1983 postea
430 1898 561 1964 demum
584 1897 737 1979 Dionysii
764 1897 975 1980 antinoitatas
1008 1915 1082 1963 eum
1111 1898 1305 1980 cognovisse

135 2001 215 2067 inde
238 1999 411 2084 concludo,
442 1999 529 2082 quod
553 2019 625 2065 cum
647 1999 839 2065 Publicolae
861 1999 962 2064 vitam
991 1996 1202 2083 describeret,
1230 1999 1306 2066 illas

134 2103 280 2170 nondum
303 2103 337 2168 in
358 2121 451 2168 usum
474 2122 567 2173 suum
591 2101 788 2178 convertiti)
825 2101 863 2166 In
878 2101 1040 2186 Dionysio
1063 2107 1171 2168 autem
1194 2102 1305 2167 simul-

134 2213 234 2289 atque
257 2225 310 2272 res
326 2205 390 2271 sibi
413 2205 613 2271 enarrandas
629 2201 857 2286 deprehendit,
880 2203 989 2270 facere
1009 2224 1074 2270 uon
1089 2205 1204 2289 potuit,
1227 2204 1307 2286 quin

134 2310 234 2375 etiam
265 2308 354 2372 illius
377 2306 494 2389 libros,
518 2325 561 2372 ex
583 2325 648 2388 quo
671 2311 706 2370 ut
734 2305 873 2370 iructum
903 2312 1043 2389 caperet,
1073 2327 1138 2373 non
1160 2307 1305 2373 Graecus

132 2415 260 2477 tantum
290 2409 383 2474 stilus
414 2409 445 2473 ci
469 2407 646 2488 suadebat,
675 2412 733 2472 aut
761 2407 893 2490 saepius
920 2414 1019 2474 antea
1046 2409 1208 2492 perlectos
1238 2414 1304 2490 aut,

134 2512 226 2598 quod
248 2512 371 2593 malim,
394 2509 427 2575 in
449 2510 522 2592 ipso
538 2507 773 2575 conscribendo
797 2509 946 2576 evolutos
969 2517 1166 2594 sequeretur.
1207 2507 1305 2588 Quod

133 2620 172 2681 ut
200 2611 371 2680 commode
394 2611 503 2677 iacere
524 2615 654 2694 posset,
683 2611 783 2675 etlam
807 2630 846 2677 oa
869 2631 905 2677 re
927 2613 998 2679 sino
1029 2612 1129 2678 dubio
1153 2611 1304 2680 effectum

134 2722 196 2797 est,
219 2715 307 2800 quod
329 2715 395 2780 iam
417 2714 598 2797 DIonysius
622 2717 654 2778 et
675 2712 748 2796 ipsc
764 2714 906 2781 Antiatis
928 2716 1063 2781 annales
1086 2715 1306 2798 exscripserat

133 2825 178 2903 et,
200 2819 265 2884 uisi
292 2817 398 2898 fallor,
421 2817 487 2882 alio
511 2813 654 2898 quodam
675 2821 808 2881 auctore
825 2816 1047 2883 intercedente
1063 2819 1132 2884 eius
1154 2817 1303 2883 memori·

131 2941 189 2987 am
212 2918 413 2986 reddiderat.
457 2917 539 2983 Inde
555 2917 641 2984 enim
664 2917 735 2982 veri
756 2915 793 2982 fit
815 2919 920 2985 simile
944 2921 1024 2986 satis
1046 2939 1198 3004 magnam
1221 2920 1305 2984 inter

134 3023 290 3106 Dionysii
320 3028 353 3087 et
380 3020 521 3086 Antiatis
549 3019 773 3086 intercessisse
803 3020 1060 3097 similitudmem.
1104 3022 1155 3087 Ita
1183 3022 1304 3086 factum

134 3132 196 3207 est,
219 3131 255 3190 nt
269 3123 399 3191 tametsi
415 3123 583 3188 Valerium
598 3121 764 3187 Antiatem
780 3119 896 3188 ducem
912 3121 1106 3190 Plutarchus
1121 3124 1304 3203 relinquere

133 3227 285 3311 nolebat,
308 3233 418 3292 tamen
447 3225 571 3308 passim
594 3223 692 3289 etiam
723 3223 864 3306 vestigia
886 3224 1055 3309 Dionysii,
1083 3225 1182 3308 idque
1205 3243 1305 3307 saepe

133 3330 269 3412 invitus,
292 3333 464 3413 premeret,
480 3345 532 3392 res
547 3326 708 3392 similibus
731 3325 967 3392 elocutionibus
990 3326 1180 3411 eisdemque
1196 3327 1305 3394 verbis

134 3431 339 3514 exprimens,
368 3428 531 3494 interdum
555 3427 700 3511 deipsis
723 3428 820 3494 rebus
849 3428 904 3494 vel
926 3429 1059 3496 Antiate
1090 3429 1239 3512 neglecto
1261 3427 1304 3494 ad

134 3532 332 3615 Dionysium
348 3549 384 3598 se
406 3531 576 3614 applicans
592 3531 645 3594 vel
666 3536 803 3614 utroque
819 3531 931 3597 audito
947 3531 1079 3598 diversa
1094 3532 1303 3614 coniungens.

134 3632 234 3712 Quod
253 3633 282 3700 si
296 3632 505 3717 spectaveris,
529 3651 594 3696 non
609 3632 674 3697 iam
685 3633 867 3715 miraberis,
891 3631 980 3716 quod
995 3633 1077 3699 tales
1094 3634 1304 3714 elocutiones,

135 3735 256 3819 quibus
284 3741 364 3807 moti
393 3735 456 3800 viri
485 3733 573 3800 docti
601 3732 767 3800 Plutarchi
795 3733 900 3802 fontes
930 3742 1168 3819 perscrutantes
1197 3734 1304 3800 diver·

214 3965 251 4053 r>
268 3986 326 4040 nn
344 3985 378 4040 u.
396 3985 478 4040 Peter
494 3985 570 4050 vidit,
581 3950 607 4039 r.
626 3985 644 4040 r.
664 4003 691 4055 p.
712 3989 753 4040 ro.

233 4075 259 4138 2)
277 4070 361 4125 Aliud
372 4084 459 4140 neque
470 4069 498 4124 id
516 4069 651 4126 Infirmius
662 4071 782 4126 eiusdem
801 4070 951 4126 sententiae
969 4070 1162 4125 adminiculum
1179 4071 1259 4141 posui
1276 4071 1304 4124 in

135 4156 316 4213 Griechischo
334 4156 447 4212 Studien
464 4157 484 4210 i.
505 4154 541 4209 Η.
560 4149 686 4227 Llpsius'
703 4173 732 4226 p.
759 4159 809 4210 lua
828 4171 869 4224 sq.

1094 4245 1146 4295 tl*
