3134 4986
292 392 356 451 ³50
744 385 871 454 Edgarus
889 384 1002 440 Martini

293 587 385 647 ματα
407 563 463 628 καὶ
485 563 631 645 κλίματα
654 558 831 645 δηλοῦντες
852 559 909 624 καλ
932 554 1053 642 θάλπη
1076 556 1133 622 καὶ
1155 554 1245 644 ψύχη
1268 557 1325 622 καὶ
1341 551 1467 633 ἁπλῶς

291 662 353 754 τὴν
368 666 428 730 τοῦ
443 665 659 748 περιέχοντος
675 667 729 740 (τε
741 652 849 745 ἀέρος)
865 657 980 746 φύσιν.
997 651 1250 724 *horna
1267 642 1326 724 οὖν
1340 682 1466 741 μετε-

295 791 350 852 ωρ
360 767 534 852 ολογικῇ
549 789 617 830 τινι
633 767 848 848 πραγματείᾳ
862 762 919 827 καὶ
934 761 1139 846 γεωμετρικῇ
1155 762 1332 846 συνῆφθαι
1346 759 1384 828 τὸ
1401 764 1466 850 τῆς

293 873 508 956 γεωγραφίας
531 861 630 941 εἶδος,
653 862 696 930 τδι
719 862 853 949 ἐπίγεια
875 874 948 940 τοῖς
971 857 1142 948 οὐρανίοις
1161 861 1334 930 συνάπτον
1350 861 1399 939 εἰς
1416 861 1465 929 ἕν.

294 969 506 1055 Geographia
533 970 631 1054 igitur
662 988 735 1036 cum
763 967 943 1050 geometria
973 972 1006 1032 ct
1032 965 1266 1048 meteorologia
1287 966 1467 1034 coniuncta

294 1079 354 1153 est,
377 1072 437 1140 sed
459 1073 505 1138 ita
527 1071 673 1138 atillam
687 1069 732 1136 ad
747 1067 967 1136 definitionem
983 1067 1168 1149 formarum,
1190 1068 1465 1152 magnitudinum,

294 1175 539 1241 intervallorum
566 1172 740 1254 adhibeat,
771 1169 856 1236 hauc
882 1169 927 1236 ad
953 1167 1129 1236 indicanda
1151 1168 1297 1252 elimata,
1326 1170 1465 1254 frigora,

295 1278 431 1358 calores,
454 1276 539 1342 aeris
561 1280 719 1342 naturam.
763 1272 844 1339 (lum
866 1279 974 1338 autem
996 1271 1128 1337 climata
1149 1270 1212 1336 nisi
1234 1273 1466 1338 astronomicis

294 1379 473 1445 rationibus
496 1376 648 1443 constitui
669 1381 833 1458 nequeant
854 1374 905 1450 (cf.
923 1372 1092 1440 Strabonis
1111 1364 1251 1454 ‘Geogc'
1270 1372 1286 1437 l
1308 1394 1339 1456 p.
1366 1373 1466 1456 120),

294 1486 407 1546 contra
436 1480 585 1562 quaestio
608 1478 649 1544 de
672 1478 758 1544 aeris
779 1483 895 1544 natura
918 1476 1024 1558 dequo
1045 1474 1166 1557 frigore
1190 1480 1222 1540 et
1243 1480 1335 1540 aestu
1358 1475 1392 1540 in
1416 1476 1466 1542 lo-

294 1601 368 1648 cum
387 1581 430 1647 de
445 1579 640 1646 sublimibus
655 1578 761 1661 cadat,
784 1577 975 1644 Strabonem
988 1569 1287 1660 ’μετεωρολογικὴν
1302 1599 1467 1660 πραγμα-

295 1686 389 1746 τείαν
433 1681 658 1748 πτολιίίοαεω
680 1699 787 1746 rerum
805 1680 993 1746 caelestium
1008 1683 1041 1744 et
1056 1679 1242 1747 sublimium
1257 1678 1466 1746 intellexisse

296 1784 511 1850 manufestum
534 1789 592 1848 est.

381 1885 558 1951 Rarissime
587 1884 629 1950 ab
662 1885 703 1950 iis
737 1884 792 1966 qui
826 1889 901 1967 post
932 1883 1116 1950 Aristotelis
1149 1875 1339 1950 memoriam
1372 1882 1468 1950 luere

295 1993 462 2053 meteoron
490 1986 650 2052 vocabulo
679 2005 745 2051 una
771 1986 926 2052 caelestia
947 2005 1084 2068 corpora
1105 1983 1343 2068 significantur:
1373 1985 1468 2050 velut

294 2111 316 2156 a
338 2089 506 2172 Sosipatro
529 2088 652 2154 comico
674 2088 712 2152 tr.
738 2090 766 2167 1,
783 2089 824 2150 25
832 2106 901 2170 sqq.
925 2087 982 2152 K.:

451 2188 504 2254 δεῖ
524 2185 563 2254 τὸ
587 2185 745 2272 μάγειρον
770 2184 895 2252 εἰδέναι
917 2186 1094 2272 πρώτιστα
1115 2187 1177 2271 μὲν

450 2293 530 2376 περὶ
553 2293 620 2355 τῶν
642 2287 818 2371 μετεώρων
840 2287 902 2364 τάς
923 2313 960 2354 τε
981 2293 1048 2354 τῶν
1072 2285 1204 2374 ἄστρων
1228 2286 1340 2366 δύσεις

450 2393 507 2458 καὶ
529 2389 590 2468 τὰς
613 2388 773 2468 ἐπιτολὰς
795 2394 851 2458 καί
873 2390 932 2457 τὸν
954 2383 1049 2478 ἥλιον
1071 2390 1158 2458 πότε

452 2494 510 2560 ἐπὶ
533 2491 593 2580 τὴν
615 2491 745 2578 μακράν
766 2517 804 2557 τε
825 2495 882 2560 καὶ
904 2498 1063 2579 βραχεῖαν
1086 2487 1211 2582 ἡμέραν

450 2595 607 2663 ἐπάνεισι
628 2589 689 2660 κᾶν
711 2599 866 2660 ποίοισίν
888 2593 961 2662 ἐστι
984 2594 1126 2682 ζῳδίοις.

382 2700 484 2766 Plane
495 2720 615 2766 novam
626 2701 660 2764 in
672 2697 868 2765 adhibendis
884 2699 1052 2766 vocabulis
1067 2705 1232 2764 meteoron
1244 2707 1277 2764 et
1287 2699 1467 2764 metarsion

296 2821 443 2868 normam
478 2807 606 2869 secutus
640 2807 690 2866 est
722 2800 967 2885 Theophrastus
1001 2802 1057 2884 qui
1090 2820 1285 2884 quamquam
1317 2801 1466 2866 maxime

296 2913 446 2970 strenuus
468 2909 666 2988 propagator
688 2903 856 2970 doctrinae
870 2904 1087 2972 Aristoteleae
1110 2909 1189 2984 erat,
1212 2912 1323 2967 tamen
1341 2920 1467 2984 nequa-

297 3026 395 3089 quam
417 3011 539 3071 temere
562 3006 596 3070 in
618 3005 720 3070 verba
741 3007 889 3088 magistri
912 3007 1040 3072 iurabat
1062 3005 1114 3083 (cf.
1130 2997 1360 3070 Zelleri‘Hist.
1381 3002 1465 3086 pbil.

297 3102 421 3174 Graec'
438 3107 497 3190 11³,
514 3111 533 3170 2
556 3127 587 3191 p.
605 3108 690 3181 821).
727 3108 876 3190 Namque
899 3108 1061 3174 vocabula
1082 3113 1234 3190 μετέωρα
1249 3111 1282 3171 et
1296 3101 1466 3188 μετάρσια

299 3231 370 3276 cum
394 3211 492 3292 volgo
515 3210 687 3291 scriptores
705 3211 887 3292 promiscue
903 3216 1103 3293 usurparent,
1120 3207 1365 3292 Theophrastus
1379 3208 1466 3272 inter

297 3333 370 3380 sese
399 3313 548 3378 distinxit
576 3313 622 3376 ita
651 3317 686 3376 ut
707 3312 765 3376 illo
788 3311 949 3378 vocabulo
972 3312 1126 3378 caelestia
1147 3317 1181 3376 et
1203 3309 1371 3391 sublimia,
1401 3308 1466 3374 hoc

297 3435 362 3480 una
383 3414 536 3480 sublimia
558 3415 714 3479 innueret.
751 3413 788 3478 In
811 3418 977 3479 meteoron
1000 3413 1097 3494 igitur
1118 3431 1199 3478 voce
1214 3410 1403 3477 adhibenda
1416 3410 1466 3476 nil

298 3517 449 3597 novavit,
471 3514 569 3581 modo
591 3535 710 3580 novum
736 3515 889 3580 vocabuli
911 3516 1085 3581 metarsion
1107 3513 1305 3581 intellectum
1327 3513 1464 3578 invexit

299 3617 391 3694 Quae
419 3617 553 3684 novatio
581 3617 793 3700 plurimorum
822 3616 896 3680 tulit
924 3618 1083 3699 plausum.
1129 3614 1195 3680 Sed
1224 3615 1353 3698 quaeris
1376 3613 1465 3680 unde

298 3721 362 3784 ista
398 3719 524 3785 odorati
555 3720 664 3784 simus.
716 3717 796 3782 Cum
826 3717 1033 3783 Laertianam
1062 3714 1281 3798 Theophrasti
1308 3717 1465 3780 librorum

298 3820 442 3886 tabulam
473 3839 569 3902 quam
593 3825 742 3903 quattuor
767 3820 912 3902 partibus
935 3819 1090 3885 contineri
1113 3823 1238 3884 constat
1265 3816 1319 3892 (de
1342 3837 1407 3900 qua
1428 3836 1464 3882 re

299 3922 339 3988 of.
370 3921 506 3987 Vseneri
540 3921 704 3986 aureolam
739 3920 997 3986 dissertationem
1032 3939 1115 4003 quae
1144 3912 1252 3984 ‘Anal
1286 3909 1461 4002 Theophr.'

298 4018 407 4108 [1858]
433 4023 617 4089 inscribitur
638 4043 670 4106 p.
691 4025 820 4106 t3sqq.)
842 4023 944 4088 oculis
959 4023 1200 4105 perlustramus,
1223 4023 1300 4097 §44
1314 4019 1465 4086 librumI

299 4132 332 4190 et
354 4125 386 4189 II
405 4115 763 4207 ‘'Meaoooroioyoaoiv³‚
794 4127 869 4200 §47
892 4125 1009 4190 librum
1032 4123 1047 4188 I
1070 4123 1350 4190 commentationis
1369 4117 1464 4204 ‘cept
