3170 4984
328 425 392 486 262
456 461 463 476 .
806 421 872 479 Otto
889 420 1020 478 Boclrsch

326 593 440 682 νόμῳ
463 592 897 680 διασπαραττομένου
913 595 968 662 vel
983 592 1301 680 διαπραττομένου).
1341 593 1502 673 Quodne

325 699 452 765 Licinio
468 698 617 779 tribuam,
641 697 739 763 etiam
760 697 865 780 magis
879 697 1026 764 adducor
1040 697 1160 764 collata
1174 698 1287 764 Livii
1310 697 1352 763 do
1368 696 1499 764 eisdem

327 801 424 867 rebus
440 799 639 866 narratione:
661 798 849 882 Liv.1123,
867 803 903 865 92
923 792 1083 882 ‘Magno
1098 819 1183 866 cum
1199 799 1389 885 periculo
1406 819 1500 884 suo,

289 939 292 945 ·
331 903 387 986 qni
409 901 492 968 forte
513 907 642 986 patrum
665 901 698 964 in
720 901 791 967 loro
807 907 907 983 erant,
930 901 964 966 in
980 921 1053 967 eam
1068 901 1195 968 turbam
1211 901 1411 984 inciderunt;
1433 921 1501 968 nec

326 1007 539 1088 temperatum
553 1002 702 1068 manibus
724 1001 816 1086 foret,
839 1003 872 1068 ni
894 1022 1033 1090 propere
1050 1004 1208 1086 consules,
1232 1003 1268 1069 P.
1284 1001 1447 1069 Servilius
1466 1009 1500 1070 et

326 1104 390 1188 Ap.
413 1102 646 1186 (11001100,οἁ
669 1105 946 1187 comprimendam
969 1104 1165 1172 seditionem
1186 1100 1456 1172 intervenissent„³

413 1207 497 1272 'lum
512 1225 591 1272 vero
614 1204 780 1273 nonbune
795 1207 900 1273 solum
915 1207 1031 1290 locum,
1048 1206 1108 1274 sed
1130 1208 1164 1272 in
1178 1206 1366 1272 universnm
1380 1207 1498 1273 Livii

325 1308 368 1375 de
396 1307 447 1374 his
476 1308 569 1374 annis
598 1309 816 1375 narrationem
838 1315 1002 1375 auctorem
1031 1310 1133 1376 multo
1155 1310 1397 1394 populariorem
1421 1329 1499 1394 pro·

325 1409 413 1493 dere,
431 1427 528 1494 quam
542 1410 778 1495 Dionysianam
801 1409 933 1478 (1100001
942 1409 964 1487 ¹)
988 1410 1166 1477 concedere
1181 1409 1348 1477 debemus.
1385 1408 1498 1488 Quare

325 1512 354 1577 01
377 1531 419 1578 ox
441 1511 567 1578 duabus
594 1511 646 1580 his
674 1513 887 1580 relationibus
910 1513 1014 1578 altera
1036 1513 1164 1596 utique,
1191 1518 1248 1578 aut
1269 1512 1411 1578 Liviana
1439 1519 1498 1578 aut

326 1613 540 1697 Dionysiana,
555 1613 682 1681 Licinio
698 1615 807 1682 Macro
822 1613 1022 1682 vindicanda
1037 1621 1116 1698 erat,
1132 1614 1263 1681 Olasoni
1278 1614 1498 1680 libentissimo

325 1715 500 1782 assentirer
522 1716 652 1782 Livium
676 1716 836 1783 cLieinio
858 1737 917 1783 sua
940 1716 984 1794 (ΙΙ
999 1719 1140 1796 22-29)
1161 1717 1318 1801 petivisse
1337 1717 1496 1784 censenti.

326 1815 393 1881 Sed
415 1816 528 1882 malim
550 1817 584 1882 in
605 1835 641 1882 re
657 1815 849 1884 difficillima
872 1817 1053 1885 diiudicata
1069 1825 1157 1885 certo
1180 1817 1301 1884 iudicio
1316 1818 1496 1884 abstinere.

325 1919 454 1985 Etenim
467 1938 662 2002 quamquam
674 1919 924 2004 diligentissime
936 1919 1044 1986 varias
1056 1921 1186 1986 illorum
1198 1939 1356 1986 annorum
1372 1939 1497 1986 memo-

325 2022 391 2087 rias
420 2025 638 2106 perscrutatus
667 2039 738 2086 sum
762 2027 794 2088 et
822 2023 906 2088 inter
927 2040 963 2087 se
986 2022 1183 2106 comparavi,
1207 2027 1334 2106 tamen,
1364 2023 1497 2088 etiamsi

325 2143 431 2206 pauca
453 2121 613 2206 quaedam
643 2120 684 2188 de
712 2124 854 2207 ratione,
883 2143 968 2207 quae
993 2124 1078 2190 inter
1105 2123 1276 2190 Livianam
1306 2130 1339 2190 et
1369 2123 1496 2209 Diony·

325 2226 451 2291 sianam
465 2223 659 2308 intercedat,
678 2225 757 2292 satis
773 2231 861 2292 certo
877 2226 1030 2308 cognosci
1043 2225 1179 2310 possint,
1195 2245 1236 2292 ea
1250 2245 1315 2291 non
1330 2225 1497 2294 sufficiunt

326 2325 370 2391 ad
392 2327 481 2411 ipsos
504 2327 609 2394 fontes
632 2327 887 2411 investigandos.

411 2430 527 2513 Itaque
549 2427 600 2496 his
622 2431 860 2514 praetermissis
884 2429 918 2495 id
941 2433 1065 2495 tanturn
1087 2449 1250 2514 exponere
1272 2430 1381 2513 liceat,
1407 2429 1498 2514 quod

326 2551 368 2598 ex
384 2533 443 2617 010,
459 2551 543 2616 quae
555 2530 597 2598 de
609 2530 784 2598 Valeriana
796 2531 910 2597 borum
921 2551 1077 2597 annorum
1092 2533 1248 2598 memoria
1263 2551 1363 2615 supra
1374 2551 1496 2615 cogno·

324 2635 441 2720 vimus,
464 2633 506 2700 de
528 2633 642 2700 Livii
664 2633 704 2700 II
726 2635 875 2700 23-31
902 2639 1074 2700 auctore
1089 2633 1238 2699 videatur
1253 2635 1365 2718 colligi
1383 2654 1494 2718 posse.

325 2734 586 2801 Commemoravi
609 2737 695 2802 enim
710 2755 810 2822 supra
824 2734 1085 2802 Nitaschium
1108 2735 1179 2800 Liv.
1196 2735 1382 2818 1122-28,
1400 2736 1496 2803 Gla-

324 2857 460 2904 sonem
482 2837 515 2903 II
531 2839 669 2921 30-31,
693 2837 904 2904 Virckium
926 2856 1004 2904 vero
1028 2837 1136 2904 omnia
1158 2837 1496 2916 (1122-3llllale·

323 2939 386 3005 rio
401 2939 565 3006 Antiati
587 2940 817 3023 assignavisse.
854 2940 962 3023 Atque
977 2959 1050 3006 cum
1073 2937 1136 3005 hoc
1151 2939 1316 3005 annalium
1334 2941 1495 3025 scriptore
1571 2981 1572 3012 r

324 3047 411 3106 certe
433 3040 547 3108 Livius
570 3044 756 3126 congruisse
778 3041 942 3127 putandus
970 3047 1019 3108 001
1047 3039 1089 3107 de
1118 3040 1286 3107 dictatoris
1312 3061 1495 3126 praeno·

323 3142 438 3207 mine.
473 3143 559 3208 Nam
575 3143 645 3210 sine
661 3144 760 3211 dubio
783 3145 815 3208 in
832 3164 902 3229 cap.
920 3147 971 3227 30,
988 3147 1007 3208 5
1031 3163 1103 3210 cum
1119 3143 1307 3208 melioribus
1324 3143 1494 3211 codicibus

324 3245 531 3312 scribendum
561 3251 626 3313 est:
645 3240 706 3312 εΜ.
729 3237 966 3313 Valerium’.
1012 3245 1079 3312 Sed
1102 3243 1179 3324 hoc,
1211 3246 1339 3313 etiamsi
1362 3247 1495 3314 Livium
1570 3253 1571 3287 1

325 3345 389 3413 hac
418 3347 451 3412 in
479 3353 572 3431 parte
600 3348 644 3415 ad
672 3350 826 3416 seriorem
855 3349 1045 3415 memoriam
1074 3366 1109 3413 se
1135 3347 1320 3431 applicasse
1342 3355 1494 3433 apertum

324 3449 383 3532 sit,
412 3469 477 3516 non
501 3448 634 3532 sufficit,
665 3469 707 3517 ex
733 3471 796 3534 quo
819 3451 1051 3517 concludamus
1073 3449 1238 3516 Valerium
1262 3451 1429 3518 Antiatem
1451 3452 1494 3516 ab
1569 3473 1570 3480 ¹

325 3570 365 3615 eo
389 3552 587 3634 exscriptum
604 3571 686 3618 esse.
723 3552 808 3618 Nam
832 3553 893 3618 0101
916 3551 971 3618 110
992 3571 1051 3636 pro
1073 3551 1207 3617 Manio
1230 3551 1406 3617 Marcum
1430 3553 1492 3619 Va·

324 3653 440 3718 lorium
474 3653 629 3736 restituit,
663 3659 772 3721 tamen
805 3661 958 3740 proptera
985 3674 1049 3720 000
1079 3655 1145 3719 iam
1174 3659 1301 3720 constat
1328 3655 1493 3721 neminem

324 3755 425 3820 alium
440 3754 551 3838 101000,
575 3757 630 3839 qui
652 3756 739 3822 idem
755 3757 821 3822 alia
835 3756 962 3823 ratione
985 3755 1129 3822 efficiens
1152 3755 1224 3839 ipse
1244 3775 1375 3840 qnoque
1389 3757 1491 3826 Mar·

326 3876 412 3921 cum
441 3857 575 3922 Manio
604 3858 793 3942 praeferret.
844 3859 886 3924 nt
915 3877 1112 3942 quamquam
1141 3858 1232 3922 illum
1256 3858 1298 3924 M.
1323 3859 1492 3928 Valerium

324 3958 395 4024 Liv.
414 3959 447 4025 Π
470 3963 521 4042 31,
547 3963 629 4024 1-3
659 3965 749 4026 tanta
777 3960 876 4027 laude
906 3959 1021 4028 extolli
1051 3960 1215 4044 tantisque
1238 3959 1419 4029 honoribus
1442 3983 1491 4029 or·

408 4145 435 4242 'o
454 4175 473 4232 1
491 4175 511 4232 1.
529 4193 557 4246 p.
577 4180 619 4231 00.
