3318 4970
469 403 511 458 De
528 402 633 472 legione
650 402 834 458 Romanor-mn
851 401 873 457 L
891 401 1042 458 Adiutrice.
1293 401 1334 460 65

212 582 241 645 3.
280 577 336 641 De
358 575 501 658 bellis,
525 575 671 660 quibus
693 575 806 658 legio
828 575 853 640 Ι.
878 575 1296 643 Adiutrixinterluit.

260 712 285 777 Ι.
310 711 484 796 Postquam
506 713 593 795 legio
615 713 649 776 in
663 709 872 778 Germaniam
893 709 1036 794 advenit,
1060 709 1178 778 seditio
1200 711 1335 779 Antonii

175 813 339 880 Saturnini
362 833 548 898 compressa
576 819 653 895 erat,
684 810 742 879 sed
763 831 883 878 novum
911 812 1036 878 bellum
1056 819 1168 880 contra
1190 813 1334 898 Chattos,

175 915 364 998 quibuscum
387 914 546 983 Antonius
575 915 616 982 de
645 913 767 980 auxilio
790 913 923 980 ferendo
946 921 1067 997 egerat,
1099 915 1230 984 exarsit.
1274 915 1335 982 dni

174 1017 262 1082 bello
290 1016 454 1099 legionem
481 1015 663 1084 interfuisse
692 1023 758 1080 tam
789 1022 1039 1082 consentaneum
1073 1035 1144 1082 esse
1178 1023 1266 1101 puto,
1300 1023 1336 1082 ut

174 1137 233 1201 pro
257 1125 344 1184 certo
367 1117 480 1185 baberi
503 1119 614 1202 possit.
645 1117 729 1182 Nam
744 1117 895 1203 Traiano,
919 1137 1014 1202 quem
1030 1107 1181 1201 legatum
1197 1119 1336 1200 legionis

174 1227 243 1289 tum
264 1219 365 1288 fuisse
388 1240 486 1306 supra
506 1221 644 1304 probare
667 1219 857 1302 studuimus,
887 1221 999 1304 copias
1022 1227 1134 1288 contra
1156 1219 1335 1298 Germanos

174 1321 340 1388 ducendas
364 1341 436 1392 esse
458 1322 551 1388 datas
580 1343 623 1388 ex
645 1322 691 1388 eis
714 1311 826 1387 verbis
849 1328 995 1406 apparet,
1025 1339 1109 1404 quae
1131 1319 1256 1388 Plinius
1280 1340 1335 1386 ex-

174 1430 278 1489 tremo
302 1425 361 1490 illo·
382 1425 488 1508 capite
510 1425 701 1508 panegyrici
724 1423 822 1489 tradit
844 1425 927 1506 (cap.
954 1427 1003 1487 14.
1034 1425 1074 1488 ci.
1097 1443 1129 1506 p.
1153 1424 1221 1499 lot:
1249 1416 1335 1488 ‘cum

174 1525 249 1591 aliis
272 1545 369 1610 super
391 1526 473 1591 alias
496 1525 758 1608 expeditionibus
781 1525 896 1590 itinere
918 1524 975 1591 illo
992 1523 1108 1607 dignus
1124 1515 1332 1591 invenireris.³

174 1625 248 1693 Hoc
275 1628 374 1710 igitur
401 1626 474 1693 loco
502 1626 727 1711 expeditiones
747 1632 993 1710 memorantur,
1027 1627 1061 1691 in
1094 1645 1175 1710 quas
1203 1625 1337 1692 Traiani

175 1729 290 1812 copiae
314 1728 472 1796 seditione
488 1727 672 1804 Antoniana
693 1727 807 1794 sedata
829 1727 981 1794 continuo
1003 1729 1123 1794 missae
1138 1734 1221 1794 sunt.
1259 1728 1335 1794 Pro·

176 1831 266 1896 xima
288 1838 396 1896 autem
420 1837 489 1895 erat
504 1829 671 1912 expeditio
684 1829 841 1895 adversus
857 1827 992 1896 Chattos
1007 1850 1091 1896 anno
1108 1831 1159 1896 89.
1176 1837 1336 1914 suscepta.

175 1931 289 2015 ltaque
311 1933 504 2016 perspicitur
525 1932 687 2014 legionem
703 1932 727 1996 Ι.
744 1931 944 1998 Adiutricem
968 1933 999 1998 ei
1022 1930 1224 2014 expeditioni
1240 1933 1337 1998 inter·

175 2033 285 2100 fuisse.
330 2033 421 2100 Haec
448 2035 546 2117 igitur
575 2035 662 2116 legio
691 2035 757 2099 iam
784 2033 883 2118 paulo
912 2039 1083 2117 postquam
1114 2053 1156 2098 ex
1178 2033 1337 2118 Hispania

175 2135 319 2202 adducta
352 2142 416 2221 est,
450 2135 600 2201 Rhenum
632 2134 752 2202 flumen
785 2135 913 2200 transiit
945 2143 1043 2219 atque
1075 2135 1196 2201 bellum
1230 2138 1338 2204 intulit

177 2237 319 2319 Chattis,
350 2239 405 2320 qui
435 2238 500 2303 illis
529 2238 730 2322 temporibus
757 2237 901 2304 maxime
930 2238 1073 2303 omnium
1102 2237 1336 2304 Germanarum

176 2339 320 2422 gentium
353 2339 474 2423 populo
509 2339 655 2406 Romano
692 2339 858 2406 molestias
896 2337 1096 2404 exhibebant
1127 2337 1338 2423 legionesque

177 2443 382 2508 exercebant.
421 2441 486 2507 Sed
509 2447 577 2508 tum
600 2443 647 2507 ita
668 2442 812 2524 superati
834 2447 932 2524 atque
954 2441 1059 2525 puniti
1082 2441 1232 2506 videntur
1254 2461 1336 2524 esse,

175 2551 211 2608 ut
233 2545 363 2609 nomine
386 2543 617 2626 imperatorum
640 2551 672 2609 et
693 2542 883 2608 fortitudine
905 2543 1071 2624 legionum
1093 2543 1255 2625 perterriti
1277 2563 1337 2626 per

177 2645 294 2710 multos
317 2665 418 2710 annos
440 2645 581 2711 aRhcni
603 2643 743 2710 fluminis
765 2645 901 2710 transitu
923 2644 1156 2727 impedirentur
1178 2645 1337 2729 legiones·

178 2766 242 2830 que
265 2749 426 2813 lacessere
448 2749 545 2830 plane
568 2748 798 2825 desisterentll

264 2849 307 2914 II.
332 2848 460 2915 Deinde
476 2856 548 2934 post
560 2850 680 2916 bellum
693 2849 920 2916 Germanicum
936 2848 1028 2916 brevi
1041 2855 1185 2935 tempore
1200 2851 1338 2918 feliciter

178 2951 360 3018 confectum
384 2951 418 3015 in
439 2952 608 3034 provincia
630 2951 795 3036 superiore
818 2950 877 3015 sub
896 2950 1081 3019 Domitiano
1105 2951 1222 3020 hostile
1245 2953 1336 3037 quid·

178 3073 275 3136 quam
309 3059 435 3134 gestum
469 3071 540 3120 esse
574 3053 769 3136 ignoramus.
815 3051 882 3118 Sed
909 3053 952 3119 ad
981 3053 1166 3120 Danuvium
1194 3057 1337 3122 simulat-

178 3175 241 3238 que
270 3155 380 3220 multis
410 3155 555 3220 cladibus
583 3157 726 3238 acceptis
750 3155 832 3222 Daci
855 3157 997 3238 superati
1019 3163 1101 3239 sunt,
1131 3157 1246 3223 ecdem
1268 3158 1337 3224 fere

139 3320 142 3326 ,
178 3264 324 3342 tempore
353 3257 453 3322 multo
476 3257 606 3340 gravius
635 3257 756 3322 bellum
779 3277 852 3324 cum
874 3257 990 3323 Suebis
1013 3263 1117 3323 ortum
1139 3266 1197 3325 est.
1241 3257 1337 3336 Quod

179 3378 375 3442 quamquam
412 3359 454 3424 ad
487 3358 690 3423 Pannonicas
723 3359 926 3441 potissimum
962 3359 1107 3442 legiones
1143 3360 1335 3446 pertinebat,

178 3468 287 3527 tamen
311 3461 409 3526 etiam
425 3459 618 3526 Germaniae
634 3461 809 3543 superioris
825 3459 970 3544 legiones
987 3462 1182 3528 excitavisee
1197 3463 1334 3531 videtur.

176 3563 262 3628 Nam
286 3562 320 3628 id
343 3563 473 3646 bellum,
496 3561 583 3644 quod
599 3560 772 3628 Suebicum
786 3561 999 3629 Sarmaticum
1022 3570 1164 3646 vocatur,
1187 3566 1336 3647 quotiens

176 3683 361 3748 repressum
384 3683 455 3730 esse
471 3661 656 3746 ducebatur,
679 3664 797 3730 totiens
812 3665 858 3730 ita
873 3666 1071 3749 resurgebat,
1095 3672 1130 3732 ut
1151 3667 1210 3733 sub
1226 3667 1337 3735 Nerva

266 3903 291 3966 l)
309 3898 403 3953 Multis
421 3897 528 3952 demum
545 3897 624 3953 annis
641 3903 705 3968 poet
723 3914 783 3953 cum
801 3899 925 3955 barbaris
943 3900 1063 3969 undique
1086 3903 1245 3970 urgentibus
1263 3903 1335 3959 bello

176 3984 349 4055 potissimum
366 3983 587 4038 Marcomannico
610 3983 728 4051 legiones
751 3983 931 4040 occidentales
954 3985 1062 4041 deditae
1086 3990 1184 4052 essent,
1207 3987 1337 4044 Germani

176 4071 266 4124 denuo
284 4068 352 4124 fines
369 4067 553 4122 Romanorum
571 4067 735 4132 invaserunt,
754 4082 822 4136 quos
839 4069 908 4138 legio
926 4070 948 4124 1.
968 4071 1096 4126 Adiutrix
1113 4071 1210 4126 iterum
1229 4074 1336 4142 excepit

175 4159 260 4224 atque
277 4154 388 4222 fugauit.
416 4153 457 4208 (ΙΙ.
469 4151 541 4206 inira
560 4169 586 4222 p.
600 4155 642 4206 89.

228 4247 343 4302 Ieipzlger
355 4246 456 4290 Studien.
475 4245 537 4289 xvi.
1115 4246 1130 4294 5
