3170 4984
246 387 289 442 De
306 386 430 443 lontibus
448 386 573 458 Dionysii
588 385 839 443 Halicarnassensis
857 387 1029 455 quaestiones
1047 387 1147 444 variae.
1219 389 1283 448 225

114 559 202 644 apud
217 566 342 626 ceteros
355 565 515 642 auctores,
531 560 698 626 Porsenna
708 559 753 625 ad
768 579 882 642 paoem
898 556 1082 626 faciendam
1097 567 1284 645 urgeretur:

115 662 235 728 milites
258 662 344 727 enim
367 661 554 728 Porsennae
583 667 717 728 cruenta
739 661 833 728 clade
855 661 918 729 hac
946 681 1057 746 pugna
1078 661 1200 730 adfecti
1222 663 1278 730 do-

116 783 201 828 mum
213 763 304 828 abiro
321 764 488 847 cupientes
500 763 694 830 seditionem
709 763 880 830 minantur.
906 763 1000 830 Hane
1010 771 1119 831 autem
1134 785 1278 850 pugnam

115 884 158 931 ex
179 867 345 949 superiore
369 865 441 931 loco
465 863 529 932 huo
551 865 740 932 translatam
764 883 836 932 esse
860 885 902 932 ex
923 865 1136 932 similitudine
1160 887 1279 951 coguo-

114 967 231 1048 scitur,
260 985 344 1049 quae
367 965 542 1034 Plutarcho
571 967 777 1050 discrepante
799 967 883 1034 inter
904 967 1076 1034 Livianam
1099 974 1132 1036 et
1155 969 1277 1053 Diony-

114 1067 241 1134 sianam
263 1067 359 1134 huius
381 1087 511 1151 pugnae
534 1068 769 1152 descriptiones
792 1068 875 1146 (Liv.
891 1068 924 1132 ll
942 1073 998 1153 113
1021 1069 1117 1135 Dion.
1134 1070 1162 1135 V
1177 1074 1229 1154 31,
1244 1075 1278 1154 13

113 1168 197 1235 Plut.
218 1171 267 1246 17)
285 1169 466 1252 intercedit,
489 1171 638 1254 quamvis
654 1169 709 1236 hio
722 1171 835 1253 paucis
851 1171 960 1238 verbis
983 1169 1112 1255 referat,
1135 1173 1191 1238 ille
1207 1173 1280 1240 iusa

114 1272 320 1354 expositione
332 1271 498 1355 depingat.
513 1272 598 1338 Nam
615 1278 790 1354 utroque
801 1278 933 1338 auctore
944 1272 1152 1340 Dhuscorum
1165 1275 1279 1357 copiae

112 1371 305 1456 praedatum
334 1393 392 1457 per
413 1394 509 1457 agros
532 1374 671 1458 dispersi
693 1375 856 1440 Romanos
878 1374 921 1440 ad
952 1394 1095 1458 pugnam
1123 1375 1279 1442 incitave-

113 1480 202 1560 runt,
226 1495 299 1542 oum
321 1475 513 1542 Plutarchus
535 1477 673 1542 alterum
697 1477 874 1543 exercitum
896 1483 1059 1542 recentem
1088 1495 1129 1542 ex
1151 1478 1280 1545 Etruria

112 1573 194 1642 fines
216 1578 381 1645 Romanos
404 1580 595 1662 ingressum,
618 1584 654 1644 nt
668 1578 855 1644 Porsennae
876 1579 1035 1644 auxilium
1057 1581 1165 1662 ferret,
1188 1581 1279 1646 illam

112 1681 256 1761 pugnam
287 1680 437 1747 elicuisse
466 1680 590 1763 tradat;
619 1686 795 1763 utroque
823 1686 955 1746 auctore
986 1681 1135 1748 consules
1164 1715 1205 1726 -
1237 1701 1280 1748 ex

112 1779 200 1847 Livii
216 1782 372 1848 memoria
385 1782 507 1848 Valerii
522 1781 711 1847 Publicolae
723 1781 926 1865 potissimum
939 1781 1074 1848 oonsilio
1090 1802 1141 1849 res
1156 1784 1279 1866 geritur

112 1918 153 1929 —
176 1882 324 1952 hostibus
347 1885 483 1951 insidias
506 1889 630 1967 parant,
654 1903 727 1949 cum
751 1903 794 1948 cx
812 1882 979 1950 Plutarchi
1000 1885 1185 1950 narratione
1207 1887 1278 1952 acie

112 1984 304 2052 dimicatum
320 2006 391 2054 esse
407 1985 666 2052 concludendum
681 1985 740 2068 sit;
763 1979 938 2067 utroque
961 1987 1114 2068 permulti
1129 1986 1278 2054 Etrusco-

83 2118 86 2124 ·
111 2105 182 2152 rum
207 2087 406 2154 occiduntur.

86 2186 88 2189 ’
198 2190 322 2256 Petivit
343 2189 441 2273 igitur
463 2195 576 2256 auctor
597 2189 750 2270 Dionysii
773 2187 857 2254 hano
881 2208 1025 2271 pugnam
1047 2209 1090 2255 ex
1117 2191 1207 2257 fonte
1229 2192 1280 2258 illi

111 2293 190 2358 satis
215 2293 409 2376 propinquo,
433 2308 528 2373 quem
551 2290 664 2356 Livius
687 2289 855 2372 exhausit,
878 2290 979 2357 multo
1003 2297 1112 2358 tamen
1133 2293 1280 2360 tenuiore

110 2394 131 2459 i.
149 2415 176 2460 e.
194 2413 239 2460 ex
261 2394 448 2459 vetustiore.
457 2393 477 2467 ¹)
516 2392 582 2458 Sed
605 2393 633 2458 si
656 2391 825 2458 hocloco
848 2387 923 2457 hao
946 2391 988 2457 de
1010 2413 1045 2458 re
1067 2401 1183 2470 auctor¹
1201 2395 1279 2461 Dio·

110 2496 198 2580 nysii
214 2495 348 2562 Valerio
363 2495 495 2560 Antiate
518 2501 626 2578 spreto
649 2492 749 2559 alium
771 2493 963 2576 scriptorem
981 2493 1073 2577 adiit,
1096 2516 1161 2561 non
1183 2497 1280 2563 simul

112 2599 259 2681 seqnitur
288 2617 329 2662 ns
356 2597 440 2662 alias
468 2596 600 2680 quidem
629 2616 703 2661 eum
733 2595 776 2662 ad
798 2595 964 2662 Antiatem
993 2615 1029 2662 se
1050 2598 1279 2681 applicavisse.

112 2696 198 2776 Quin
213 2699 270 2765 vel
285 2700 407 2782 optimo
419 2701 493 2764 iure
509 2698 685 2766 contendas
701 2698 792 2764 illam
808 2715 961 2782 pugnam,
977 2717 1074 2781 quam
1086 2698 1279 2768 Plutarchus

111 2800 279 2884 describit,
295 2821 380 2868 novo
393 2801 533 2886 quodam
547 2801 701 2875 exercitu,
717 2801 773 2883 qni
789 2819 831 2866 ex
843 2800 973 2866 Etmria
983 2821 1086 2884 nuper
1096 2801 1278 2886 advenerit,

112 2905 290 2970 excitatam
306 2902 403 2969 valde
419 2901 626 2969 abhorruisse
642 2902 683 2968 ab
700 2921 739 2968 eo
756 2903 901 2986 consilio,
919 2923 982 2986 quo
999 2903 1150 2986 Dionysii
1167 2909 1280 2972 auctor

200 3144 225 3212 1)
245 3137 288 3192 Ea
305 3152 406 3206 pugna,
423 3153 505 3206 quam
522 3136 691 3192 Plutarchus
713 3137 834 3204 quamvis
852 3137 949 3205 paucis
967 3137 1110 3203 describit,
1134 3142 1279 3207 tantopere

110 3221 267 3279 adiutans
284 3203 428 3290 abhbrret,
450 3229 482 3276 ut
505 3221 583 3277 uulto
605 3221 687 3277 modo
706 3221 813 3278 Liuium
835 3237 873 3276 cx
890 3223 1002 3278 Autiotc
1019 3222 1144 3277 hausisse
1166 3222 1280 3278 Virslu'o

110 3307 140 3375 (l.
156 3307 173 3363 l.
182 3325 216 3380 p.
229 3311 277 3374 55)
295 3307 414 3362 modom.
446 3306 487 3362 cf.
501 3312 621 3361 ceterum
639 3306 790 3361 Gilbertum
803 3299 880 3374 ‘phil
891 3299 971 3362 Anu'
983 3307 1022 3361 IX
1035 3312 1094 3362 289.
1125 3308 1280 3364 Secundum

110 3393 193 3450 unius
205 3393 351 3447 Plutarchi
368 3393 523 3448 memoriam
541 3407 597 3446 non
615 3407 677 3444 cum
689 3391 846 3445 Porsennae
864 3391 995 3456 exercitu,
1013 3394 1060 3446 scd
1074 3408 1134 3446 cum
1152 3392 1214 3447 aliis
1232 3409 1279 3448 co·

111 3478 165 3546 piis
189 3478 346 3547 nuperrime
369 3493 403 3530 ex
421 3477 534 3530 Etruria
555 3475 689 3544 profestis
711 3477 828 3545 pugnari
848 3477 903 3530 iam
925 3476 996 3546 dixi,
1017 3476 1082 3531 item
1100 3477 1279 3532 Plutarchum

110 3562 227 3617 insidias
245 3563 359 3616 nescire.
394 3561 541 3616 Praeterea
558 3575 592 3614 ex
610 3561 690 3616 huius
708 3561 865 3616 narratione
883 3561 1010 3616 Valerius
1027 3561 1169 3618 Pubhcola
1186 3579 1279 3633 pugna

110 3661 177 3701 vera
201 3647 348 3703 commissa
369 3647 463 3701 hostes
486 3645 573 3714 fugat.
611 3645 713 3700 Contra
737 3646 849 3700 aLirio
872 3645 966 3701 hostes
990 3647 1133 3713 dicuntur,
1147 3643 1233 3704 ‘oaesi
1249 3649 1279 3704 in

110 3725 220 3787 medio'.
253 3731 431 3800 quantumvis
449 3731 613 3786 Plutarchus
631 3731 734 3786 iontem
752 3747 832 3786 sunm
851 3732 1025 3797 contraxerit,
1043 3747 1078 3788 ex
1090 3734 1210 3789 Antiatis
1228 3749 1278 3788 an-

110 3817 222 3872 nalibus
248 3817 340 3872 Livius
365 3821 439 3871 certe
462 3831 519 3870 non
542 3816 643 3870 hausit.
680 3815 734 3884 Sed
750 3816 925 3870 memorabile
946 3821 988 3871 est
1015 3817 1069 3871 iam
1087 3816 1159 3872 Livii
1181 3833 1278 3874 narra·

109 3901 185 3956 tione
203 3901 327 3958 nondum
346 3901 496 3956 Valerianis
509 3902 628 3956 Antiatis
648 3902 807 3956 commentis
824 3905 956 3955 exornata
973 3903 1030 3954 tam
1048 3901 1167 3969 insigues
1185 3909 1278 3972 partes

111 3986 221 4042 Valerio
240 3985 399 4040 Publicolae
422 3987 500 4040 datas
525 4001 593 4041 esse.
630 3985 690 4054 Qua
708 4001 742 4040 ex
765 4001 794 4040 re
816 3983 982 4039 luculentius
999 4001 1080 4054 quam
1097 4001 1132 4040 ex
1149 3986 1278 4042 ullaulla
1346 3999 1348 4005 ’

111 4077 237 4142 apparet,
256 4087 337 4140 quam
354 4076 428 4125 recte
445 4069 575 4126 Virclrius
592 4072 620 4136 (l.
639 4071 657 4123 l.
676 4087 703 4139 p.
717 4075 761 4137 li)
778 4070 876 4124 dixerit
893 4070 946 4124 iarn
964 4075 1028 4149 ante
1046 4069 1185 4126 Valerium
1197 4074 1278 4128 Auti-

113 4160 187 4210 atem
204 4157 378 4213 Valeriorum
397 4155 511 4223 gloriam
528 4156 613 4224 magis
631 4157 769 4224 magisque
787 4169 847 4210 esse
866 4157 984 4210 aucum.
1108 4221 1112 4234 .

163 4249 279 4306 Leipziger
292 4249 393 4294 Studien.
411 4250 486 4294 XVII.
1091 4245 1121 4294 15
