3170 4984
248 363 291 418 De
309 361 432 419 fontibus
448 361 573 432 Dionysii
590 360 841 416 Halicarnassensis
859 361 1033 430 quaestiones
1049 360 1149 416 rariac.
1223 359 1284 420 255

127 537 295 620 consentit,
309 534 681 616 sedDion.V123-42,
696 538 710 598 1
726 533 768 600 ad
780 531 921 600 Antiatis
932 532 1077 620 annales,
1089 533 1135 605 VI
1142 537 1219 618 42,1
1234 533 1288 601 tin.

128 674 170 686 —
186 645 227 706 45
249 639 292 706 ad
313 638 432 704 Licinii
452 639 586 722 relegat,
610 643 645 704 ut
666 636 737 702 Lir.
756 635 789 701 11
811 638 963 718 30,1-7
986 632 1055 701 iere
1078 641 1110 701 et
1132 635 1227 704 Dion.
1244 636 1289 702 VI

127 743 266 824 39—42,
287 745 301 807 1
327 738 435 806 cidem
457 739 582 806 Antiati
604 738 814 806 ascribantur.

212 843 260 908 Ac
280 861 321 910 ne
337 840 507 908 Virckio
521 846 541 915 1)
557 840 690 926 quidem
705 839 792 905 omni
809 843 959 922 exparte
981 839 1174 905 sententiam
1196 859 1289 910 suam

125 943 310 1013 Nitnschius
332 943 498 1028 probavit:
527 943 626 1010 irnrno
650 942 706 1007 ille
730 957 924 1024 quamquam
947 938 1113 1007 Nitascbio
1137 940 1288 1026 Dionysii

125 1045 343 1118 narrationem
372 1065 390 1110 c
413 1045 531 1113 Licinii
560 1044 731 1112 annalibus
759 1043 895 1126 petitam
918 1060 990 1108 esse
1013 1042 1178 1126 concedit,
1201 1042 1288 1108 Livii

125 1154 226 1219 totam
243 1147 448 1214 valerianam
471 1165 543 1216 csse
566 1148 644 1214 vult.
669 1181 709 1190 -·
733 1145 883 1228 Denique
905 1143 1099 1210 norissimus
1123 1142 1217 1213 huius
1240 1143 1288 1210 rei

124 1249 227 1318 iudex
242 1247 366 1314 exstitit
380 1248 575 1317 Volkmar
585 1251 620 1332 2),
644 1247 701 1331 qui
712 1240 940 1312 ‘certissimum
956 1264 1027 1312 esse
1042 1245 1166 1312 iudicat
1180 1245 1286 1332 ipsum

126 1349 320 1433 Dionysium
343 1349 437 1416 livio
460 1353 532 1436 ipso
554 1370 648 1417 usum
671 1339 764 1416 csse'.

211 1449 284 1530 Qua
305 1453 467 1518 sententia
487 1450 660 1522 refutanda
673 1486 717 1496 —
731 1449 889 1516 facillima
911 1467 988 1516 cura
1010 1484 1052 1496 —
1074 1454 1200 1532 tempus
1222 1469 1287 1518 non

124 1558 234 1620 teram.
266 1553 317 1618 Ex
333 1554 381 1620 eis
403 1559 522 1638 antem,
546 1555 602 1638 qui
624 1559 658 1620 et
680 1552 839 1635 Dionysio
862 1556 895 1617 et
916 1551 1012 1618 Livio
1034 1553 1168 1618 annales
1192 1571 1286 1636 quos·

124 1653 199 1722 dam
223 1655 384 1720 Romanos
415 1653 476 1726 bac
503 1675 631 1742 quoquc
658 1656 692 1720 in
714 1653 850 1720 historia
872 1654 1006 1723 subesse
1029 1659 1153 1740 putant,
1175 1656 1286 1721 nescio

123 1775 165 1821 an
195 1758 344 1840 proximo
375 1757 418 1823 ad
447 1777 560 1824 verum
593 1747 767 1825 accesserit
796 1755 924 1824 Clason.
976 1753 1067 1834 Quae
1101 1761 1209 1826 autern
1245 1775 1286 1824 ex

124 1855 221 1923 huius
251 1864 283 1926 et
311 1864 492 1926 ceterorum
521 1859 653 1944 placitis
681 1857 854 1925 videantur
881 1857 1055 1927 abicienda
1083 1877 1172 1944 esse,
1203 1878 1286 1942 quae

123 1959 257 2026 retineri
283 1979 389 2044 posse,
414 1981 456 2028 ex
478 1961 551 2044 ipsa
573 1959 792 2047 disputatione
814 1959 995 2044 apparebit.
1040 1959 1155 2043 Neque
1178 1967 1286 2030 tamen

122 2079 227 2144 aequo
254 2066 352 2145 atque
380 2063 429 2128 illi
458 2063 604 2129 iecerunt
633 2068 738 2131 certas
766 2067 876 2146 partes
902 2061 998 2132 certis
1026 2063 1213 2130 auctoribus
1235 2083 1286 2130 as·

13 2183 21 2192 ·
123 2162 278 2248 signabo,
308 2163 396 2246 quod
426 2183 499 2230 curn
527 2164 640 2247 aliqua
667 2183 727 2249 spe
755 2164 902 2234 veritatis
931 2163 1001 2230 fieri
1030 2184 1126 2250 posse
1156 2166 1286 2241 omnino

122 2283 207 2330 nee
242 2313 249 2330 .

16 2433 18 2436 .
51 2357 53 2361 ¹
165 2284 188 2347 g
209 2285 456 2434 ΙΙῗιοίὶοἰεοοαυπ
471 2366 571 2447 igitur
586 2386 627 2432 ex
643 2368 701 2450 eis,
725 2387 809 2450 quae
825 2367 867 2433 de
881 2366 1047 2436 Plutarchi
1059 2369 1159 2434 vitarn
1176 2369 1286 2438 Corio·

4 2497 32 2566 χ.
121 2465 189 2532 lani
206 2469 384 2536 enarrantis
408 2467 550 2536 fontibus
572 2489 672 2559 supra
682 2472 706 2548 ³)
722 2471 942 2551 cognorimus.
973 2470 1039 2538 Ubi
1054 2470 1284 2555 demonstravi,

120 2567 154 2632 in
184 2567 300 2651 quibus
323 2568 516 2636 Plutarchus
545 2591 566 2636 a
589 2570 740 2656 Dionysii
763 2571 946 2638 narratione
969 2571 1149 2657 discrepat,
1180 2593 1219 2641 ea
1243 2594 1286 2642 cx

21 2673 23 2678 '
121 2669 264 2736 Antiatis
292 2672 463 2738 annalibus
491 2691 650 2741 manasse.
696 2670 856 2752 Quoniam
886 2679 995 2743 autern
1024 2674 1216 2745 Plutarchus
1242 2676 1285 2742 de

120 2771 306 2838 secessione
332 2773 440 2858 plebis
463 2773 576 2858 paucis
598 2774 742 2841 referens
766 2779 848 2860 (cap.
873 2780 892 2840 5
916 2781 948 2842 et
970 2778 1003 2854 6)
1024 2777 1078 2844 vel
1100 2779 1286 2848 maximea

121 2872 274 2958 Dionysii
296 2876 452 2950 memoria
473 2875 598 2944 recedit
608 2877 643 2959 ⁴),
667 2876 744 2944 inde
765 2883 857 2962 patet
879 2877 1071 2961 Dionysium
1095 2879 1137 2946 de
1161 2881 1284 2950 eisdem

119 2974 217 3040 rebus
239 2974 402 3042 Antiatem
426 2983 512 3044 certe
540 2998 605 3044 non
628 2978 753 3060 adisse,
783 2979 931 3065 quamvis
955 2985 1044 3046 certa
1065 2980 1205 3048 Antiatis
1229 3003 1284 3050 vc·

119 3075 218 3162 stigio
247 3074 310 3142 hac
337 3077 410 3161 ipsa
438 3079 472 3146 in
499 3084 591 3164 parte
614 3079 766 3163 Dionysii
795 3099 927 3146 cernere
953 3080 1046 3149 nobis
1076 3082 1284 3164 videamur.⁶)

207 3281 231 3342 1)
250 3275 343 3332 Virck.
363 3277 418 3333 1.1.
440 3294 468 3348 p.
488 3281 599 3333 27—32.

205 3365 231 3427 2)
248 3361 391 3427 Volkmar,
410 3362 443 3416 dc
462 3363 554 3418 annal.
573 3363 704 3419 Romanis
722 3363 897 3433 quaestiones
917 3367 991 3430 1890,
1009 3379 1037 3433 p.
1057 3368 1169 3422 ors-oa.

207 3445 441 3516 albiceram.

202 3534 229 3597 4)
248 3530 290 3586 Oi.
308 3546 395 3598 supra
413 3549 441 3601 p.
461 3535 512 3586 206
524 3547 584 3603 sqq.

207 3619 232 3681 5)
252 3615 293 3671 Gi.
312 3615 393 3672 Dion.
406 3618 446 3673 VI
457 3621 500 3685 43,
513 3622 542 3671 2:
562 3611 578 3674 ὃ
600 3611 754 3693 Οὐαλέριος
771 3615 865 3682 πολλὰ
883 3621 933 3676 καὶ
950 3611 990 3684 ὥς
1008 3610 1043 3676 ου’
1060 3619 1157 3678 δίκαια
1175 3613 1283 3692 πάσχοι

117 3699 343 3773 διαβεβλημένος
359 3695 407 3759 ὕπ’
427 3695 523 3760 αὐτῶν
539 3698 615 3776 πρὸς
632 3699 688 3761 τὸν
705 3707 795 3775 δῆμον
813 3697 972 3770 ὀνειδίσας,
996 3698 1048 3774 τήν
1071 3723 1104 3760 τε
1120 3703 1284 3770 μέλλουσαν

117 3782 341 3861 καταλήψεσθαι
359 3790 435 3858 σφοῖς
452 3782 539 3860 τύχην
556 3790 678 3846 τοιαῦτα
690 3787 940 3861 βουλευσαμένους
952 3783 1216 3859 ἀνακλαυσάμενος,
1234 3795 1283 3848 καὶ

118 3864 166 3930 οἶα
185 3865 265 3937 εἰκὸς
282 3869 314 3928 ἐν
331 3866 455 3946 τοιούτῳ
466 3874 548 3946 κακῷ
567 3871 602 3932 τοὶ
615 3873 669 3943 μὲν
680 3871 713 3932 ἐκ
729 3867 851 3938 πάθους,
870 3872 911 3932 τὰ
931 3872 964 3930 ri
983 3865 1054 3932 dai
1075 3875 1138 3934 τοῦ
1156 3871 1284 3935 πλεῖόν

116 3975 148 4014 τι
166 3960 215 4014 ια’
221 3975 238 4012 ν
255 3959 397 4012 πολλῶν
418 3964 520 4012 νοεῖν
542 3950 761 4024 ἀποθεσπίσας,
781 3952 874 4034 ᾤχετο
893 3950 988 4016 ἀπιὼν
1009 3955 1045 4016 ἐκ
1061 3962 1115 4016 τοῦ
1130 3964 1282 4036 βονλευια

117 4042 190 4114 ρίου.
221 4045 263 4105 44,
277 4039 430 4096 lValerius
448 4041 517 4096 haec
533 4042 569 4098 ad
586 4041 717 4112 populum
735 4042 920 4100 contionatur:
940 4035 1101 4102 ὠνείδισται
1119 4043 1150 4100 δέ
1165 4064 1216 4114 μοι
1233 4049 1283 4104 καὶ

115 4119 133 4197 ἧ
155 4127 216 4182 τῶν
238 4120 407 4197 κληρούχων
429 4124 469 4192 εἰς
494 4118 692 4195 Οὐολούσκους
713 4121 861 4198 ἐκπομπή,
884 4115 903 4183 r‘r'
909 4146 941 4184 τι
969 4131 1034 4201 γῆν
1056 4125 1195 4202 πολλὴν
1223 4137 1283 4192 καλ
