3170 4984
296 379 359 449 264,
778 378 844 434 Otto
861 377 990 434 Booksch

296 572 443 636 censens,
466 551 526 620 ned
548 553 647 620 etiam
669 550 821 620 Virclsius
844 551 1005 619 Licinium
1026 551 1241 635 principalem
1262 549 1364 616 inisse
1384 547 1466 616 Dio·

294 656 383 740 nysii
405 659 570 725 auctorem
593 660 697 738 ratus,
725 654 887 738 quaedam
917 660 1026 723 amen
1049 672 1098 729 ex,
1112 653 1253 720 Antiatis
1276 652 1466 720 narratione

294 756 434 840 repetita
449 753 503 825 hic
518 756 586 824 illic
609 775 681 825 esse
703 757 859 824 immixta.
903 756 1019 840 Neque
1041 775 1120 824 vero
1143 755 1248 821 minus
1271 773 1398 836 vereor,
1419 773 1465 820 ne
1575 777 1576 856 p

296 856 338 923 de
354 857 450 924 certis
474 856 669 941 quibusdam
692 856 834 926 fontibus
854 856 1048 940 indagandis
1072 858 1201 927 omuino
1223 857 1266 922 sit
1287 855 1465 939 desperan-
1575 867 1576 932 ι

296 959 383 1026 dum.
417 957 565 1042 Accedit,
588 957 677 1042 qood
699 978 809 1042 ansae,
833 977 914 1042 quas
936 958 1101 1026 modoad
1124 959 1274 1042 Dionysii
1296 957 1408 1040 capita
1417 957 1466 1022 VI

296 1062 423 1128 23-45
436 1060 670 1144 perscrutanda
680 1060 898 1144 adhibuimus,
909 1062 1122 1144 posteriorem
1133 1060 1230 1130 huius
1243 1060 1320 1126 libri
1334 1065 1465 1144 partem
1575 1053 1576 1056 ’

295 1163 497 1245 ingressuros
525 1162 593 1231 iam
621 1161 782 1231 deficiunt
825 1162 939 1231 Livius
965 1164 1051 1232 enim
1080 1163 1318 1232 indea1132
1341 1162 1464 1232 adve-
1575 1179 1576 1230 ι

297 1264 466 1330 iustiorem
482 1269 649 1330 auctorem
663 1284 757 1332 suum
771 1265 954 1348 revertitur,
977 1285 1042 1350 quo
1057 1265 1104 1350 fir,
1126 1271 1162 1334 ιιι
1183 1265 1308 1332 nullum
1331 1265 1464 1330 omnino
1575 1295 1576 1314 r

296 1385 339 1432 ex
367 1363 462 1432 huius
490 1365 649 1434 relatione
678 1387 751 1433 cum
773 1365 928 1452 Dionysii
950 1373 1139 1452 comparata
1160 1385 1279 1451 capere
1300 1367 1464 1451 possimus
1575 1373 1576 1444 t

296 1467 445 1537 fructum.
497 1466 690 1537 Plutarchus
720 1488 815 1555 vero,
850 1473 906 1555 qui
934 1472 1107 1556 septimum
1132 1462 1331 1538 ‘Coriolani'
1367 1473 1466 1550 caput
1575 1447 1576 1474 ¹

296 1569 361 1653 ipsi
383 1569 543 1653 Dionysio
572 1569 702 1639 videtur
727 1571 863 1655 debere,
892 1569 1006 1640 dubito
1028 1593 1071 1640 an
1093 1573 1159 1640 mm
1181 1572 1215 1636 in
1236 1571 1324 1638 sexti
1345 1570 1464 1654 capitis

296 1677 390 1754 parto
411 1671 593 1756 posteriore
616 1674 850 1742 conscribenda
869 1675 1035 1743 Antiatem
1058 1673 1234 1760 reliquerit.
1278 1672 1354 1738 Iura
1377 1671 1464 1740 enim

300 1773 480 1839 coniecerit
494 1771 580 1840 hanc
595 1771 637 1838 de
653 1775 870 1844 consularium
883 1776 1048 1859 legatione
1062 1775 1106 1842 ad
1124 1775 1255 1860 plebem
1278 1775 1312 1840 in
1327 1773 1464 1842 Sacrum

299 1879 442 1942 montem
463 1874 565 1940 missa
588 1881 790 1945 enarrantem
814 1878 1108 1961 praestantissimas
1129 1883 1239 1960 partes
1261 1876 1303 1942 M.
1332 1875 1465 1942 Valerio

299 1975 415 2058 gentili
448 1995 506 2041 suo
540 1975 671 2042 dedisse
706 1975 758 2056 (cf.
790 1978 886 2045 Dion.
917 1979 963 2046 VI
993 1983 1030 2044 71
1055 1980 1150 2063 squ).
1194 1977 1262 2044 Sed
1288 1975 1466 2044 Plutarcho

262 2071 266 2085 '
297 2083 441 2160 auctora,
454 2077 1465 2163 quild.Valeriumhaciurenecommemuratquidcm,solus,

298 2183 335 2243 nt
353 2177 494 2260 videtur,
522 2179 670 2263 Agrippa
685 2180 854 2253 Menenius
876 2185 955 2250 item
976 2190 1074 2266 atque
1097 2183 1323 2266 antiquissima
1343 2201 1466 2250 memo·

298 2279 356 2348 ria
374 2281 539 2348 terebatur
559 2273 785 2368 ‘repoposcit
831 2283 939 2362 Quare
962 2288 1032 2352 veri
1054 2291 1104 2352 est
1125 2287 1231 2352 simile
1252 2285 1466 2352 Plutarchum

297 2373 421 2454 ‘notam
450 2381 541 2451 illam
572 2383 614 2450 de
643 2387 797 2455 membris
819 2385 969 2456 humanis
992 2386 1150 2454 adversus
1173 2392 1319 2454 ventrem
1342 2387 1466 2454 dheor-

300 2483 452 2549 dantibus
475 2475 629 2551 fabulam'
656 2507 699 2552 ex
722 2489 817 2553 tertio
833 2489 975 2572 quodam
989 2489 1078 2556 fonte
1093 2487 1251 2570 hausisse,
1273 2490 1467 2572 praesertim

300 2605 372 2652 cnm
403 2587 607 2668 reputaveris
635 2588 785 2656 similiter
814 2591 953 2658 eundem
975 2589 1184 2658 Plutarchum
1207 2589 1352 2656 fabulam
1375 2592 1466 2656 illam
1575 2653 1576 2680 ,

299 2687 341 2753 de
364 2687 464 2754 Mucii
486 2685 668 2755 Scaevolae
696 2691 842 2760 facinore
869 2711 912 2758 ex
937 2692 1134 2758 subsidiario
1156 2693 1267 2759 nescio
1290 2711 1354 2776 quo
1376 2694 1467 2759 fonte

299 2788 432 2854 Antium
455 2787 538 2854 duce
560 2791 674 2857 relicto
696 2794 862 2877 petivisse.
876 2796 897 2870 ¹)
1310 2783 1312 2788 ¹

386 2889 447 2956 His
465 2890 564 2974 igitur
579 2891 825 2977 disceptationis
847 2895 1044 2963 adiumentis
1067 2896 1248 2978 subtractis,
1275 2916 1316 2962 ne
1339 2895 1467 2965 difficili

300 2991 414 3062 labore
429 2993 550 3074 pusilla
565 2995 725 3076 quaedam
740 3017 846 3082 neque
868 2999 948 3067 satis
970 2999 1145 3082 perspicua
1166 2998 1363 3080 elucubrem,
1387 3018 1466 3082 pan-

304 3093 444 3161 cissimis
466 3093 565 3163 liceat
587 3095 629 3162 de
651 3104 745 3167 sexto
767 3100 919 3184 Dionysii
941 3100 1025 3166 libro
1047 3119 1209 3185 perorare.

386 3194 436 3260 Ac
453 3195 622 3282 concedes,
645 3207 733 3283 puto,
757 3202 953 3268 verisimile
975 3221 1047 3268 esse
1070 3201 1132 3268 hac
1154 3221 1284 3286 queque
1306 3202 1340 3266 in
1362 3209 1466 3286 parte,

301 3297 424 3381 quippe
453 3315 538 3380 quae
567 3305 617 3365 est
644 3301 686 3367 de
713 3302 859 3369 eiusdem
880 3304 958 3370 anni
981 3305 1116 3387 eventis,
1140 3303 1279 3370 eundem
1300 3310 1468 3370 auctorem

301 3416 382 3482 prae
404 3399 521 3464 ceteris
543 3399 668 3468 aditum
691 3423 779 3488 esse,
810 3407 906 3492 quem
933 3407 967 3472 in
989 3406 1035 3472 VI
1058 3409 1196 3490 23-45,
1219 3407 1241 3470 i.
1265 3425 1294 3472 e.
1316 3425 1467 3490 neque

301 3499 510 3565 Antiatem
525 3505 890 3592 nequeLicinium,
913 3507 986 3576 sed
1008 3509 1133 3575 alium
1155 3508 1375 3593 quendam,
1399 3510 1467 3592 oui

300 3599 462 3665 Valerii
496 3612 608 3672 certe
642 3609 828 3678 Antiatis
868 3611 1037 3678 annales
1078 3609 1329 3676 adhibuerit.
1380 3610 1467 3676 llum

300 3707 432 3786 praeter
466 3701 552 3772 hunc
583 3709 668 3780 alios
702 3731 830 3796 quoque
860 3719 1009 3780 auctores
1037 3711 1250 3794 assumpserit
1278 3711 1467 3798 Dionysius,

302 3808 397 3874 certis
426 3802 558 3874 indiciis
589 3811 765 3897 disceptari
788 3814 851 3880 'vix
874 3816 1003 3898 poterit.
1048 3814 1116 3881 Sed
1138 3815 1173 3880 id
1197 3833 1270 3880 eum
1292 3812 1410 3881 fecisse
1434 3823 1468 3880 ut

302 3916 376 4000 ipsa
399 3909 468 3984 eius
492 3915 745 3999 consuetudine,
769 3917 816 3983 ita
837 3918 909 3984 loco
932 3917 1075 4000 quodam
1096 3917 1154 3992 tVI
1177 3917 1228 3999 83,
1251 3917 1284 3995 2)
1307 3935 1468 3982 commen·

304 4054 504 4068 ἦ·

391 4138 415 4202 1)
433 4134 475 4192 cl.
493 4134 574 4190 huius
594 4133 659 4190 diss.
678 4149 706 4202 p.
727 4137 774 4190 190
785 4150 845 4204 sqq.
