3170 4984
318 364 379 424 300
753 366 954 422 Maximiiinnus
972 366 1052 424 Thiei

319 539 439 624 quippe
470 557 566 622 quem
593 538 662 621 ipso
685 537 872 608 Athenaeus
894 543 938 625 (p.
955 544 985 622 5,
1001 542 1030 606 6.
1049 543 1080 619 7)
1103 547 1268 626 tamquam
1290 546 1479 628 primarium

317 647 481 708 auctorem
510 639 714 708 confiteretur
743 661 778 709 se
806 647 951 710 secutum
981 659 1062 710 esse.
1112 643 1182 710 Iam
1211 650 1246 710 ut
1275 646 1394 714 clarius
1428 665 1479 714 res

318 743 483 826 aperiatur
505 748 606 808 totum
629 742 777 810 libellum
799 743 983 810 summatim
1006 763 1194 827 percurrere
1216 766 1298 830 opus
1321 754 1380 815 est.

402 844 598 929 Loquaciter
613 850 646 912 et
667 843 780 912 odiose
803 846 967 929 praefatus
990 845 1121 914 tandem
1144 849 1187 928 (p.
1205 850 1234 927 7,
1251 849 1284 928 6)
1299 847 1342 916 de
1356 848 1479 916 machi·

318 947 519 1028 nationibus,
549 966 633 1030 quae
658 945 747 1030 apud
768 947 1006 1029 Agesistratum
1032 947 1165 1029 legerit,
1181 951 1420 1032 »expositurum
1445 971 1479 1018 sc

318 1067 389 1116 esse
404 1047 591 1116 Athenaeus
607 1047 730 1116 indicat
741 1041 808 1114 ‘dcc
826 1039 957 1134 ὅσαπερ
973 1040 1203 1133 ἆνεγνώκαμον
1218 1051 1278 1114 τοῦ
1293 1055 1478 1138 μηχανικοῦ

312 1147 572 1237 Αγησιοτράτοο
595 1150 674 1234 περὶ
699 1141 807 1214 αὐτῶν
831 1142 1004 1232 ὄιέξιμετ’.
1046 1151 1090 1216 At
1111 1169 1153 1217 ne
1175 1157 1252 1220 tunc
1275 1154 1409 1237 quidem
1432 1155 1476 1222 ad

317 1254 422 1337 ipsam
451 1271 520 1318 rem
548 1252 692 1335 accedit,
722 1252 781 1320 scd
810 1251 979 1336 praedicat
1007 1252 1049 1320 de
1071 1253 1266 1336 Agesistrati
1295 1257 1479 1341 virtutihus,

317 1376 452 1440 quarum
480 1375 579 1422 causa
600 1354 749 1420 videatur
771 1353 905 1438 dignus,
932 1355 984 1422 cui
1007 1353 1049 1421 de
1071 1354 1150 1420 artis
1173 1359 1357 1441 praeceptis
1380 1358 1479 1427 confi·

318 1458 426 1542 dutum
439 1457 478 1524 cf.
486 1477 517 1542 p.
525 1460 580 1540 9,1
596 1450 732 1541 εδιόττορ
748 1447 807 1522 οὐκ
822 1448 1029 1540 ἀπιστητέον
1044 1457 1093 1540 τῴ
1108 1453 1253 1541 τοιούτῳ
1269 1457 1480 1544 creptam·

317 1563 457 1646 φαίνετο
487 1555 520 1623 ἐν
549 1568 621 1634 τοῖς
648 1552 735 1642 ὑπὲρ
763 1559 823 1646 τῆς
850 1560 965 1645 τέχνης
998 1551 1308 1641 παραινοομέοοις’.
1359 1562 1480 1630 Postea

317 1663 470 1731 transitus
484 1660 521 1726 fit
542 1659 586 1727 ad
608 1661 697 1744 ipsus
719 1660 896 1728 machinas.
942 1659 1034 1739 Quae
1057 1661 1151 1744 quasi
1174 1659 1313 1728 diversis
1336 1657 1479 1728 fontibus

318 1765 473 1833 adhibitis
496 1762 651 1847 deinceps
674 1761 899 1830 describuntur
922 1769 954 1830 et
969 1784 1001 1847 p.
1015 1765 1053 1828 31
1072 1761 1203 1828 demum
1224 1762 1353 1844 penitus
1377 1764 1479 1828 oratio

318 1869 422 1935 incisa
444 1873 508 1934 est:
537 1865 671 1948 priores,
694 1865 741 1930 ait
762 1863 961 1949 Athenaeus,
984 1883 1068 1947 quae
1092 1864 1176 1930 bene
1199 1862 1386 1930 docuissent
1408 1863 1478 1930 dili·

318 1975 430 2054 genter
452 1987 488 2034 sc
510 1965 750 2043 considerasse·
772 1965 831 2031 sed
853 1967 959 2049 ipsum
983 1985 1112 2052 quoque
1133 1985 1220 2032 nove
1243 1965 1392 2032 inveniro
1414 1973 1479 2034 stu·

317 2072 437 2138 duisse.
481 2069 597 2152 Neque
612 2087 749 2150 usquam
771 2069 804 2132 in
828 2067 884 2150 eis,
908 2088 991 2151 quac
1014 2072 1200 2151 sequuntur,
1223 2072 1337 2134 auctor
1359 2067 1479 2150 aliquis

318 2171 478 2254 laudatur,
501 2170 561 2238 sed
575 2171 647 2254 ipse
662 2169 850 2238 Athenaeus
867 2169 1045 2238 identidem
1061 2188 1096 2236 se
1112 2166 1276 2251 venditat3
1300 2169 1340 2235 ci.
1348 2189 1381 2253 p.
1395 2171 1448 2253 35,
1461 2174 1478 2233 5

315 2265 463 2358 ‘dotores
494 2271 530 2337 δέ
558 2263 650 2354 μοι’,
681 2273 759 2338 item
789 2293 819 2357 p.
842 2275 893 2355 35,
915 2277 945 2338 4.
990 2272 1034 2340 At
1061 2289 1168 2336 nonne
1189 2269 1325 2338 forsitan
1348 2270 1392 2336 de
1414 2272 1479 2338 illis
1571 2319 1572 2370 ,

315 2371 483 2460 ‘revomet
497 2397 557 2456 μοι
571 2372 639 2458 (31,
658 2366 736 2459 11)’,
751 2366 867 2449 ‘ciacc
882 2373 1157 2460 πεφιλοτίμημαι
1171 2372 1236 2456 (31,
1255 2362 1319 2450 13)'
1348 2369 1480 2455 ἀρέσκει
1571 2373 1572 2467 i

318 2477 355 2543 dt
382 2469 455 2560 μοι’
482 2478 560 2544 item
589 2477 797 2545 iudicandum
827 2477 870 2544 sit
896 2497 935 2543 ac
965 2475 1006 2544 de
1028 2476 1086 2542 illo
1106 2463 1252 2559 ‘pput'i
1289 2474 1363 2541 Non
1386 2476 1478 2543 licet!

317 2600 392 2647 nam
407 2586 443 2647 ut
457 2581 522 2648 iam
537 2599 636 2663 supra
651 2581 694 2664 (p.
711 2583 772 2644 279
790 2580 850 2662 sq.)
866 2577 1121 2662 significavimus
1138 2577 1237 2642 etiam
1260 2595 1409 2644 sermone
1433 2578 1478 2644 di·

319 2689 511 2764 cessasent,
534 2700 618 2765 quae
633 2682 712 2748 inde
726 2701 747 2747 a
761 2704 793 2768 p.
808 2685 859 2766 31,
878 2687 912 2747 11
940 2687 1117 2762 sequnntur
1140 2678 1182 2744 ab
1205 2677 1263 2760 cis,
1286 2697 1372 2760 quae
1395 2699 1477 2746 ccm-

318 2785 423 2852 munis
445 2783 606 2850 Athenaei
629 2790 662 2850 et
683 2782 823 2850 Vitrunii
846 2784 987 2851 auctoris
1009 2789 1091 2849 sunt.
1570 2845 1571 2870 ,

402 2883 506 2963 Quem
519 2904 714 2968 quamquam
729 2886 835 2968 ipsum
851 2905 980 2970 quoque
995 2883 1209 2952 recentiorum
1224 2899 1374 2948 sermone
1389 2902 1478 2950 usum
1570 2885 1571 2956 ι

317 3005 388 3054 esse
404 2987 628 3070 cognoscimus
643 2983 732 3069 (nam
746 2987 882 3054 adhibet
897 2983 1167 3054 nonnulla‘verba
1177 2984 1329 3068 novicia),
1349 2985 1477 3055 infimae

316 3097 426 3156 temen
440 3088 556 3154 aetatis
571 3093 649 3154 note
664 3089 806 3172 insignia
820 3090 853 3154 in
869 3091 939 3156 eius
958 3089 1067 3156 verbis
1088 3091 1217 3171 praeter
1240 3085 1362 3154 formes
1386 3108 1477 3172 quas·

317 3191 394 3258 dam
409 3191 532 3256 ionicus
555 3192 598 3273 (p.
616 3192 646 3272 9,
666 3195 714 3256 14.
741 3195 791 3274 10,
809 3193 870 3254 12.Υ
886 3194 934 3273 13,
954 3195 981 3256 1.
1005 3194 1057 3275 24,
1074 3192 1103 3256 8.
1127 3192 1178 3267 28,
1195 3189 1227 3262 6)
1250 3187 1314 3254 duo
1339 3191 1411 3257 sola
1433 3193 1477 3257 in·

318 3295 393 3361 veni
419 3283 651 3377 ‘adstupens'
685 3295 727 3376 (p.
754 3296 803 3375 12,
820 3294 851 3370 6)
881 3299 914 3360 et
932 3281 1164 3375 ‘sssAoosuuta'
1191 3291 1346 3376 (22,11);
1375 3313 1479 3378 neque

316 3395 414 3462 debet
434 3395 548 3478 negari
570 3394 640 3462 veri
664 3404 743 3460 esse·
757 3393 863 3461 similo
885 3395 1103 3462 nonnullaab
1125 3391 1294 3460 Athenaeo
1317 3394 1385 3462 illis
1408 3416 1478 3463 csse
1569 3383 1570 3422 *

315 3497 416 3562 illata.
462 3492 558 3572 Quod
585 3516 649 3563 non
677 3497 781 3563 solum
804 3495 846 3563 de
874 3497 989 3564 ionicis
1017 3497 1084 3564 illis
1106 3494 1217 3563 formis
1240 3495 1346 3579 valet,
1369 3499 1430 3564 sed
1452 3501 1479 3566 si
1569 3489 1570 3500 ³

316 3599 535 3681 Agesistratus
550 3617 626 3665 usus
642 3599 684 3665 sit
706 3599 806 3665 verbo
819 3591 1045 3678 ‘delitescere'
1073 3598 1172 3683 (qnod
1193 3596 1282 3682 apud
1304 3596 1478 3683 Polybium

316 3700 364 3766 IX
380 3703 418 3764 41
445 3699 582 3766 occurrit
608 3707 640 3766 et
662 3699 750 3784 apud
772 3699 953 3768 Diodorum
975 3701 1041 3768 XX
1057 3703 1127 3784 87),
1150 3700 1246 3768 facile
1268 3697 1340 3766 fieri
1362 3703 1478 3786 potuit,

316 3809 352 3868 ut
372 3800 560 3868 Athenaeus
582 3807 721 3870 mutaret
743 3803 777 3868 in
797 3793 1043 3884 “βελοοταο1α’.
1073 3801 1183 3870 Verba
1203 3807 1313 3869 autem
1333 3794 1398 3878 ‘es’g
1420 3801 1477 3888 τὴν

318 3899 522 3988 superbirem
551 3904 619 3968 coir
649 3896 881 3986 ipnvprcpciv'
916 3905 1004 3990 apud
1033 3904 1213 3972 Vitruvium
1248 3923 1312 3973 non
1348 3913 1477 3974 exstant

317 4012 360 4089 (p.
377 4009 450 4088 274,
467 4007 509 4084 8).
544 4005 664 4074 Contra
679 4013 819 4091 reputes,
843 4013 921 4090 quot
935 4006 1078 4092 pessima
1100 4007 1202 4074 verba
1224 4025 1324 4089 supra
1347 4008 1391 4091 (p.
1403 4011 1476 4085 280)
1568 3993 1569 4002 ¹

317 4109 572 4191 excerpserimus
594 4129 638 4176 ex
661 4109 725 4191 eis,
755 4127 839 4192 quae
867 4110 971 4193 ipsius
995 4108 1155 4177 Athenaei
1185 4128 1257 4176 esse
1287 4107 1476 4180 iudicamus.
