3282 4968
439 371 483 427 De
501 371 605 441 legione
623 369 807 426 Romanorum
824 368 847 422 Ι.
865 367 1013 423 Adiutrice.
1265 366 1305 424 9-5

343 1109 394 1172 Ἀ.
430 1107 583 1190 Legati
605 1107 786 1190 legionis
807 1105 832 1172 I.
855 1105 1097 1173 Adiutricis.

215 1241 240 1305 l.
265 1239 442 1325 Orphidius
464 1243 637 1326 Benignus.

306 1345 431 1411 Primus
454 1346 581 1428 legatus
603 1344 741 1428 legionis
763 1343 892 1410 videtur
912 1344 1029 1428 fuisse;
1051 1350 1201 1428 praeerat
1223 1345 1308 1410 enim

305 1447 426 1530 legioni
447 1467 523 1514 vere
546 1447 622 1512 anni
645 1449 712 1530 69„
736 1465 799 1530 quo
815 1465 888 1512 curn
911 1446 1026 1512 ceteris
1041 1444 1233 1514 Othonianis
1255 1466 1307 1512 co·

304 1549 368 1633 piis
391 1555 502 1616 eontra
523 1549 688 1615 Vitellium
710 1549 873 1634 profectus
901 1549 936 1614 in
964 1568 1075 1632 pugna
1100 1547 1309 1614 Bedriacensi

306 1651 411 1735 periit.
449 1651 497 1718 01.
520 1652 598 1720 Tau.
620 1650 694 1718 hist
717 1651 816 1717 1143.

197 1752 242 1818 II.
265 1751 304 1818 A.
320 1753 482 1820 Platorins
504 1754 615 1838 Nepos
635 1753 780 1838 Aponius
802 1753 934 1822 Italicus
957 1753 1151 1822 Manilianus
1174 1752 1209 1822 0.
1225 1751 1309 1818 Lici·

263 1855 335 1921 nius
357 1857 465 1922 Pollio
486 1877 517 1922 n.
537 1861 564 1922 1.

308 1957 449 2040 Legatos
471 1959 609 2041 legionis
625 1960 687 2025 fuit
702 1959 843 2026 Traiano
865 1959 1062 2044 imperante,
1085 1960 1113 2026 si
1135 1964 1222 2025 recte
1245 1957 1310 2024 dis·

309 2062 436 2142 putavit
450 2061 630 2128 Mommsen
653 2063 698 2140 (in
712 2060 835 2139 adnot.)
856 2061 1038 2145 legationes
1053 2061 1247 2128 Germaniae
1262 2062 1309 2127 in·

307 2162 433 2230 ferioris
463 2169 495 2230 et
522 2163 682 2231 Thraciae
713 2184 786 2231 eum
815 2163 1059 2231 administrasse
1087 2169 1161 2230 ante
1183 2185 1213 2230 a.
1239 2168 1310 2230 117.

308 2265 462 2331 Nominat
476 2264 561 2332 hunc
578 2266 755 2334 Platorium
772 2267 931 2350 Nepotem
948 2266 1138 2350 Spartianus
1161 2287 1191 2332 v.
1208 2265 1310 2332 Hadr.

310 2388 336 2434 o.
360 2372 389 2433 4.
418 2371 464 2433 15.
487 2371 539 2434 23.
576 2369 669 2436 Anno
695 2371 765 2435 124.
794 2370 983 2452 provinciae
1010 2367 1196 2434 Britanniae
1218 2387 1310 2451 prae·

309 2469 379 2536 fuit.
413 2469 462 2537 01.
485 2471 620 2537 Httbner
641 2472 675 2536 in
696 2471 778 2538 Mus.
801 2471 904 2537 Rhen.
927 2471 1002 2536 XII.
1025 2472 1134 2546 (1857)
1156 2492 1189 2556 p.
1206 2472 1257 2536 58.

180 2571 242 2637 III.
268 2572 317 2648 [Τ.
334 2571 491 2650 Statilius]
513 2573 673 2639 Maximus
695 2593 727 2639 n.
744 2577 773 2638 2.

311 2673 379 2742 Sub
408 2674 468 2741 Pio
497 2675 623 2758 legatus
646 2675 783 2758 legionis
806 2673 934 2742 videtur
961 2675 1071 2743 fnisse.
1116 2675 1200 2742 Nam
1222 2679 1311 2741 ante-

312 2795 409 2860 quam
431 2776 591 2844 Maximus
613 2779 709 2854 (anno
734 2782 816 2854 144.)
840 2779 952 2845 consul
973 2778 1077 2846 factus
1099 2783 1163 2861 est,
1186 2778 1313 2862 utrique

309 2880 496 2964 provinciae
513 2879 700 2947 Pannoniae
714 2880 868 2947 iuridicus
883 2881 1101 2965 propraetoris
1117 2881 1186 2947 iure
1201 2887 1313 2948 auctus

310 2981 460 3065 praefuit,
483 3001 547 3064 quo
569 2981 676 3050 officio
699 3001 771 3048 enm
795 2983 937 3050 iunctum
961 3001 1033 3050 esse
1054 3003 1138 3050 anno
1156 2983 1312 3065 1361137.

313 3081 388 3150 0110
411 3081 598 3150 Hirschfeld
620 3083 810 3152 felicissima
825 3083 1009 3152 coniectura
1024 3086 1256 3170 comprobavit.
1273 3121 1312 3130 —-

312 3186 363 3253 De
385 3186 455 3254 viro
479 3187 612 3270 eiusque
634 3206 728 3254 cursu
750 3185 917 3271 honorum,
940 3189 995 3272 qui
1017 3189 1171 3256 nonnulla
1192 3209 1312 3256 merno-

311 3288 430 3356 rahilia
450 3289 594 3373 praehet,
618 3289 658 3356 cf.
680 3290 872 3358 Mommseni
893 3290 1144 3361 adnotationem.

189 3393 247 3460 IV.
271 3393 309 3458 P.
324 3391 458 3458 Flavius
480 3391 630 3458 Palatina
650 3393 816 3476 Longinus
839 3393 887 3460 01.
910 3393 1050 3462 Marcius
1072 3394 1182 3460 Turbo
1204 3415 1234 3459 n.
1252 3397 1281 3460 3.

312 3493 454 3576 Legatos
483 3495 620 3578 legionis
648 3495 709 3560 fuit
737 3496 797 3561 suh
820 3495 935 3562 eodem
957 3496 1033 3580 Pio;
1062 3516 1147 3562 anno
1172 3500 1242 3561 155.
1265 3516 1314 3562 rc-

315 3597 413 3679 gebat
427 3597 628 3679 provinciam
643 3597 799 3664 Moesiam
814 3598 1008 3681 inferiorem,
1032 3598 1119 3682 quod
1135 3599 1316 3683 explicatur

316 3718 358 3764 ex
380 3698 473 3764 titulo
488 3717 591 3783 nuper
605 3703 752 3783 reperto,
776 3718 871 3782 quern
887 3701 1056 3767 vexillatio
1071 3702 1242 3784 legationis
1257 3702 1315 3768 XI.

314 3799 470 3866 Claudiae
485 3802 602 3883 posuit.
639 3801 687 3870 01.
710 3819 794 3884 quae
809 3801 977 3868 adnotavit
991 3802 1169 3870 Mommsen
1183 3805 1217 3870 in
1231 3805 1315 3889 hiph.

316 3903 417 3986 epigr.
437 3903 493 3969 IV.
515 3924 547 3988 p.
570 3906 631 3968 527
644 3923 731 3987 squ,
755 3905 810 3987 qui
833 3905 981 3989 opinatur
1004 3925 1076 3972 eum
1098 3925 1170 3973 esso
1185 3915 1241 3973 aut
1259 3909 1316 3974 ad·

316 4005 461 4088 optivum
476 4013 532 4072 aut
546 4004 725 4090 legitimum
740 4004 842 4072 filium
857 4005 905 4072 01.
920 4007 1034 4074 Marcii
1050 4007 1210 4076 Turbonis
1224 4029 1314 4093 prae·

315 4107 391 4174 fecti
413 4109 575 4192 praetorio
597 4109 776 4192 imperante
797 4107 973 4175 Hadriano.
