3134 4986
321 375 383 434 322
753 375 956 436 Maximillanus
975 374 1054 432 Thiel

322 547 378 612 καί
406 545 671 631 διαλαμβάνεται
699 544 784 612 κατὰ
809 549 912 630 μέσον
935 544 970 614 ἐκ
998 547 1101 630 τριῶν
1124 544 1375 630 διαλειμμάτων
1401 540 1480 612 ἆλύ-

322 669 397 716 σεσι
419 653 611 736 πηχυαίαις.
654 645 706 734 (Ὁ
729 648 765 715 δέ
789 647 920 732 δεσμός,
944 645 962 716 δ
987 646 1136 736 ἐνμέσῳ
1169 646 1228 716 τὸν
1261 647 1355 735 κριὸν
1388 646 1479 730 έχων,

322 747 380 817 ἐπὶ
404 737 834 836 παλαιστάςῖλαμβάνει
859 749 919 818 τδν
942 748 1077 837 ἑλιγμὸν
1107 751 1141 818 έν
1163 753 1212 838 τῷ
1233 749 1348 837 κριῷ.)

406 855 597 938 Βυρσοῦται
628 853 664 920 δέ
692 851 798 940 κύκλῳ
826 846 926 940 (ὅταν
954 852 1157 940 κατελιχδῇ)
1183 854 1325 939 βύρσαις
1354 845 1479 938 άργαῖς.

324 952 374 1020 Τὰ
401 953 438 1021 δέ
460 946 553 1022 ὅπλα
573 947 829 1042 <άποτεταμένα
851 954 974 1022 ἐκτῶν
996 948 1140 1023 δνίσκων
1161 958 1229 1022 τῶν
1252 953 1287 1022 ἐκ
1300 957 1369 1044 ,τῆς
1391 979 1480 1042 κριο-

321 1055 420 1143 δόχης
430 1059 486 1124 καὶ
495 1059 531 1143 λ)
540 1049 698 1140 ἀνέχοντα
710 1055 768 1124 τὸν
784 1054 878 1142 κριὸν
894 1055 961 1140 ἐ’χει
975 1055 1036 1135 τὰς
1053 1050 1156 1143 άρχάς
1172 1051 1311 1124 ἁλύσεσι
1328 1057 1481 1145 σιδηραῖς

168 1177 223 1222 ια.
237 1190 259 1234 ρ.
273 1177 306 1222 ει.
324 1159 541 1244 λτετραπλαίς
550 1160 783 1246 πεπλεγμένος
795 1161 850 1228 καὶ
863 1157 1173 1247 περιβεβύρσωνται
1186 1159 1222 1226 αἱ
1233 1153 1480 1246 άλάσεις<πρδς

320 1259 357 1328 τὸ
381 1259 425 1346 μὴ
449 1256 629 1348 ὁρᾶσθαι).
1187 1257 1190 1263 ’

407 1367 543 1430 Γίνεται
559 1361 595 1428 δέ
613 1365 666 1430 καί
692 1361 868 1452 ἐπιβάθρα
892 1364 1028 1442 σανίδος
1052 1362 1289 1451 ἑφηλωθείσης
1310 1363 1352 1448 τῇ
1376 1382 1479 1446 προσ-

320 1470 412 1553 φορᾷ
426 1467 486 1531 τοῦ
500 1468 595 1560 κριοῦ
609 1468 665 1534 καί
682 1463 739 1532 ἐπὶ
755 1467 877 1556 ταύτης
891 1473 1020 1554 γίνεται
1035 1465 1073 1530 ἐκ
1095 1467 1334 1554 τριτημορίων
1351 1461 1480 1530 δίκτυον

320 1567 554 1655 πεπλεγμένον
566 1565 647 1652 ’έχον
661 1568 722 1644 τὸς
737 1561 802 1633 ι’πὶ
811 1589 828 1644 ς
843 1569 1085 1645 παλαιστιαίας
1100 1565 1187 1654 πρὸς
1201 1565 1239 1634 τὸ
1257 1565 1385 1656 ῥᾳδίως
1403 1557 1478 1633 άνα-

318 1675 447 1754 βαίνειν
463 1669 521 1736 ἐπὶ
536 1668 574 1736 τὸ
599 1681 707 1753 τεῖχος
730 1667 779 1736 δι’
805 1663 918 1737 αὐτοῦ.
961 1665 1066 1756 (Ἔχει
1089 1669 1124 1736 δέ
1146 1671 1201 1736 καὶ
1224 1667 1480 1756 παραδείγματα

321 1771 357 1850 ἐξ
383 1770 538 1857 ἑκατέρου
564 1771 685 1858 μέρους
708 1767 725 1840 δ
749 1772 856 1860 κριός,
893 1771 1009 1860 ἐπειδὴ
1039 1770 1082 1839 τά
1115 1784 1190 1850 ταῖς
1218 1769 1340 1850 κάσαις
1371 1795 1479 1855 παρα·

319 1872 512 1961 πλήσια..
536 1873 589 1960 .?)

167 1993 222 2038 και.
236 2004 258 2048 p.
271 1993 305 2036 εε.
405 1972 565 2062 Κινήσεις
584 1975 589 2060 Ι
610 1974 646 2041 δέ
661 1973 699 2042 τὸ
718 1974 813 2063 ἐ’ργον
830 1976 994 2063 λαμβάνει
1009 1976 1051 2058 ἕξ,
1074 2001 1135 2066 την
1151 1974 1198 2054 είς
1220 1974 1258 2042 τδ
1284 1973 1476 2062 ἔμπροσθεν

319 2074 449 2166 καλιὴν
467 2076 515 2155 εἰς
529 2075 567 2144 τδ
585 2069 699 2144 ὀπίσω
714 2081 771 2146 καὶ
785 2077 847 2158 τάς
862 2077 911 2158 εἰς
925 2078 968 2146 τὰ
990 2078 1120 2166 πλάγια
1142 2081 1196 2147 καὶ
1220 2077 1280 2165 τὴν
1305 2070 1477 2148 ἇνάνεοσιν

321 2181 377 2246 καὶ
399 2176 460 2266 τὴν
483 2177 665 2266 ἐπίνεοσιν.

405 2286 582 2366 Καθαιρεῖ
608 2283 644 2349 δὲ
674 2275 742 2350 άπδ
774 2281 1129 2372 ἑβδομηκονταπῆχονς
1157 2275 1266 2368 ύψοος
1288 2283 1345 2348 καὶ
1370 2281 1420 2360 εἷς
1440 2278 1476 2345 τά
1546 2359 1547 2362 ¹

322 2382 451 2470 πλάγια
488 2383 679 2471 παρασύρει
712 2383 770 2452 ἐπὶ
800 2383 918 2474 πήχεις
947 2383 1181 2473 ἑβδομήκοντα.

410 2587 601 2669 Οίακίζεται
625 2588 661 2654 δὲ
684 2584 751 2657 ὑπὸ
776 2575 1081 2674 άνδρῶνῖέχοοσα
1096 2587 1133 2656 τδ
1152 2587 1289 2673 σύμπαν
1303 2587 1411 2678 βάρος
1421 2587 1474 2656 τά·

321 2691 425 2757 λαντα
446 2691 706 2777 τετρακισχίλια.

166 3734 221 3778 Ath.
236 3747 257 3789 p.
272 3735 305 3780 ει.
407 3706 458 3796 ΙἩ
471 3711 507 3778 δὲ
522 3706 590 3779 ὗπδ
603 3704 786 3796 Ἐπιμάχοο
801 3714 861 3778 τοῦ
872 3704 1059 3799 Ἀθηναίου
1073 3714 1229 3800 γενομένη
1250 3710 1416 3798 ἑλέπολις,
1437 3708 1470 3799 ην
1542 3673 1543 3688 ¹

319 3811 513 3902 Δημήτριος
550 3809 567 3880 ὁ
599 3808 742 3892 Ῥοδίους
779 3813 967 3900 πολιορκῶν
1001 3813 1193 3902 προσήγαγε
1227 3825 1299 3892 τοῖς
1335 3822 1470 3899 τείχεσιν
1541 3891 1542 3894 ρ

322 3908 440 3996 αὐτῶν,
457 3913 529 3982 ἐστὶ
544 3914 676 3982 τοιάδε·
