3170 4984
303 356 368 430 258
784 358 849 414 Otto
866 357 994 414 Bocksch

305 540 374 596 tum
396 529 484 596 diem
507 549 692 614 supremum
715 531 806 598 obire
822 551 895 599 cum
917 531 1028 615 nollet,
1051 531 1245 614 gravissimo
1261 529 1398 596 vulnere
1417 550 1473 598 ac·

305 638 400 716 cepto
422 639 531 698 mmen
547 631 664 698 Publio
687 639 720 700 et
733 632 843 700 Marco
858 632 1122 700 adulescentibus
1137 631 1388 700 defendentibus
1403 652 1473 699 ser.-

304 740 416 800 vatum
438 752 510 801 esse
532 732 665 813 finxit.¹)

389 835 505 919 Neque
527 835 562 901 id
584 836 655 902 sina
678 855 776 902 causa
797 835 884 902 tecit.
921 836 1000 902 Erat
1015 837 1101 902 enim
1116 835 1278 920 quaedam
1300 831 1471 915 memoria,

304 957 369 1020 qua
402 936 487 1003 idem
517 937 560 1002 Μ.
583 937 749 1020 Valerius,
783 955 881 1020 quem
908 937 1057 1021 plerique
1088 938 1122 1002 in
1150 958 1261 1022 pugna
1289 933 1473 1016 Regillensi

303 1039 441 1118 2581496
456 1045 606 1106 necatum
622 1059 693 1106 csse
709 1038 890 1120 tradebant,
913 1039 1008 1106 tertio
1023 1059 1108 1106 anno
1123 1046 1199 1123 post
1213 1038 1351 1118 2691494
1367 1034 1472 1100 dicta·

303 1145 376 1206 tura
397 1140 526 1206 functus
549 1159 622 1206 esse
643 1141 845 1215 ferebatur.²)
881 1139 934 1206 Ad
958 1159 1054 1224 quam
1077 1160 1151 1206 cum
1172 1140 1287 1206 Antias
1309 1158 1345 1204 se
1363 1135 1471 1219 appli-

302 1247 433 1309 caturus
456 1247 558 1324 esset,
581 1241 624 1308 M.
641 1241 790 1310 Valerius
818 1243 852 1308 in
873 1263 985 1327 pugna
1006 1242 1186 1326 Regillensi
1207 1241 1317 1307 anima
1337 1239 1471 1323 privan-

303 1343 363 1410 dus
392 1344 424 1410 ei
452 1363 515 1410 non
545 1350 624 1410 erat.
669 1344 783 1426 Itaque
805 1363 879 1410 cum
908 1345 1009 1410 aliam
1037 1364 1186 1426 cansam,
1216 1363 1272 1410 cur
1298 1347 1472 1424 tantopere

302 1446 492 1512 memoriam
513 1465 535 1512 a
557 1445 719 1528 prioribus
740 1452 909 1530 acceptam
931 1447 1072 1527 mutarit,
1096 1446 1218 1512 nullam
1242 1465 1303 1527 ego
1326 1440 1471 1525 videam,

302 1567 362 1630 pro
377 1553 465 1614 certo
481 1545 587 1614 habeo
602 1547 811 1614 Antiatem
827 1547 1076 1614 dictatorem
1089 1548 1185 1613 anni
1201 1548 1472 1626 2601494non

302 1647 476 1712 Manium
499 1649 570 1715 sed
593 1651 629 1710 M
633 1669 765 1712 arcum
781 1649 945 1716 Valerium
961 1649 1172 1728 vocavisse.³)
1209 1647 1418 1733 Quapropter
1437 1647 1471 1711 in

300 1749 468 1818 Plutarchi
495 1770 624 1834 quoque
652 1757 806 1818 contextu
836 1749 967 1829 (Coriol.
997 1771 1025 1818 c.
1049 1753 1080 1829 5)
1109 1770 1169 1835 pro
1199 1747 1360 1835 Μάρκιον
1390 1749 1471 1833 quin

302 1851 449 1939 Μάρκον
470 1851 548 1936 (non
570 1849 722 1932 Μάνιον)
745 1854 950 1922 scribendum
974 1855 1026 1936 sit,
1048 1873 1114 1920 non
1136 1853 1259 1920 dubito.

357 2062 359 2067 ’
390 2057 454 2123 Hic
475 2062 584 2122 autem
606 2076 671 2124 non
693 2058 753 2124 abs
775 2077 811 2124 re
834 2077 905 2126 esse
927 2057 1072 2141 videtur,
1100 2065 1137 2124 ut
1161 2077 1260 2144 supra
1281 2057 1316 2122 in
1338 2055 1416 2122 aliis
1439 2059 1473 2120 et

302 2159 399 2228 rebus
421 2165 456 2225 et
476 2158 624 2243 personis
640 2159 833 2242 compluries
849 2166 983 2227 conatus
997 2179 1079 2243 sum,
1102 2162 1201 2226 etiam
1216 2159 1259 2225 Μ.
1276 2166 1309 2225 et
1323 2148 1374 2222 ll?
1394 2157 1471 2223 Va·

302 2262 504 2330 lariorum
526 2281 591 2326 non
613 2259 800 2344 historiam,
822 2260 882 2328 sed
905 2261 999 2344 quasi
1021 2260 1226 2329 historiae
1249 2260 1471 2327 historiam

302 2364 578 2446 constituere,
607 2363 797 2447 praesertim
825 2382 897 2428 cum
927 2361 989 2430 hac
1018 2363 1214 2446 perlustrata
1241 2362 1346 2444 magis
1370 2361 1471 2428 otiam

301 2467 495 2534 sententiam
509 2485 626 2546 meam,
650 2485 715 2548 qua
729 2465 860 2530 Antiate
876 2469 1009 2531 auctore
1024 2465 1199 2534 Marcum
1212 2465 1378 2531 Valerium
1392 2466 1472 2530 anni

301 2570 441 2648 2601494
463 2567 655 2634 dictatorem
677 2567 777 2632 fuisse
798 2567 911 2650 posui,
939 2572 971 2632 te
994 2567 1204 2650 probaturum
1227 2587 1300 2636 esse
1329 2587 1470 2652 sperem.

388 2669 503 2736 Varias
519 2670 617 2753 igitur
632 2669 815 2752 memorias,
838 2687 922 2750 quae
944 2669 987 2734 de
1009 2669 1051 2734 lt.
1068 2675 1101 2734 ct
1114 2659 1166 2734 M?
1186 2669 1326 2736 Valeriis
1342 2669 1387 2736 ad
1409 2690 1471 2737 nos

300 2777 533 2858 pervenerunt,
564 2771 592 2838 si
620 2771 914 2858 percensuerimus,
945 2787 988 2836 ex
1012 2790 1078 2838 una
1105 2770 1326 2853 discrepantia
1357 2791 1470 2838 omnes

301 2873 461 2958 originem
478 2872 612 2940 duxisse
634 2873 870 2955 intellegemus.
909 2869 1140 2955 Cognoscimus
1155 2873 1241 2938 enim
1263 2873 1297 2938 in
1311 2873 1470 2957 antiquis·

389 3095 414 3158 1)
432 3091 486 3146 Hic
503 3090 570 3144 mihi
586 3090 705 3146 fortasse
722 3090 820 3160 aliquis
832 3095 962 3159 opponet,
980 3105 1014 3145 ex
1025 3090 1149 3161 Dionysii
1161 3090 1318 3145 narratione
1336 3090 1376 3144 lt.
1387 3090 1471 3146 Vale·

300 3175 359 3232 rius
381 3191 547 3248 quamquam
564 3175 641 3230 rivus
659 3189 675 3230 e
692 3176 798 3246 proelio
816 3177 976 3244 asportatus
993 3181 1080 3244 esset,
1098 3181 1189 3230 tamen
1207 3175 1273 3244 quin
1290 3181 1417 3231 mortuus
1435 3175 1472 3230 sit

301 3261 423 3316 dubitari
444 3276 499 3315 non
521 3275 615 3330 posse,
639 3261 769 3330 quoniam
786 3259 935 3329 Dionysius
954 3260 994 3314 VI
1014 3265 1053 3325 12,
1075 3267 1085 3314 t
1112 3265 1144 3314 ut
1165 3260 1289 3316 morituri
1315 3261 1376 3316 eius
1394 3259 1472 3316 facta

302 3351 422 3417 repetat:
443 3340 568 3416 Μάρκος
582 3340 724 3418 Οὐλέριος,
744 3339 761 3401 ὃ
774 3339 829 3401 τὸν
845 3339 920 3402 κατὰ
935 3347 1075 3418 Σαβίνων
1086 3350 1205 3419 πρῶτος
1215 3340 1395 3418 καταγαγὼν
1405 3347 1472 3419 θρί-
1572 3407 1573 3412 ¹

301 3437 401 3505 αμβον
418 3434 468 3488 καὶ
486 3426 521 3488 τὸ
541 3426 677 3503 φρόνημα
696 3433 747 3501 τῆς
765 3425 881 3496 πόλεως
899 3431 1151 3500 τεταπεινωμένον
1167 3431 1202 3489 ἐκ
1218 3435 1272 3489 τοῦ
1292 3435 1472 3503 Τυρρηνικοῦ

300 3518 485 3586 πταίσματος
504 3509 680 3588 ἀναστήσας,
697 3513 800 3587 δόρατι
817 3518 933 3588 πληγεὶς
950 3517 1057 3572 πίπτει.
1089 3515 1142 3571 Sed
1159 3517 1213 3571 hoc
1229 3517 1297 3572 nihil
1308 3521 1408 3570 contra
1419 3532 1471 3571 nos

298 3600 377 3656 lacit.
408 3600 534 3670 Namque
550 3608 600 3655 aut
616 3600 780 3672 Dionysium
796 3599 888 3671 ipsum
904 3599 1020 3655 Antiate
1036 3617 1093 3656 non
1111 3603 1180 3657 bene
1191 3602 1333 3656 intellecto
1351 3601 1407 3657 hoc
1422 3602 1470 3656 ad·

301 3684 410 3751 didisse,
428 3688 478 3740 ant
496 3715 527 3724 -
546 3701 635 3756 neque
652 3686 710 3742 scio
728 3700 765 3740 an
781 3685 836 3740 hoc
853 3686 911 3740 reri
928 3686 965 3741 sit
982 3686 1109 3754 similius,
1127 3715 1161 3728 -
1180 3686 1306 3756 Dionysii
1327 3693 1471 3744 auctorem

302 3769 424 3824 Antiatis
442 3769 629 3824 narrationem
647 3785 708 3825 cum
726 3771 837 3838 vulgata
854 3771 907 3825 iam
925 3771 1185 3826 consummerentur
1203 3776 1304 3841 potest.

390 3853 475 3916 2164.
494 3851 553 3908 Liv.
572 3853 599 3907 ll
618 3857 660 3923 30,
680 3861 695 3910 5
714 3857 872 3922 (secundum
891 3856 999 3911 codices
1023 3856 1164 3926 optimos);
1189 3855 1245 3911 Cic.
1264 3857 1342 3912 Brut.
1364 3861 1405 3923 14,
1424 3863 1469 3926 54;

302 3939 381 3993 Oros.
399 3937 428 3992 11
446 3943 475 4006 5;
494 3937 593 3993 Zonar.
611 3938 665 3993 VII
679 3945 725 4008 143
743 3939 806 3994 item
825 3941 898 3996 Plut.
917 3941 979 3996 Cor.
993 3947 1020 4010 5,
1036 3940 1085 3996 uhi
1102 3957 1152 4011 pro
1167 3931 1327 4014 ‘Mu'pxuov’
1346 3940 1469 3998 scriben-

300 4027 364 4079 dum
381 4028 424 4079 est
440 4025 483 4078 est
495 4015 653 4095 (Μάρκον.
1057 4067 1059 4071 -

387 4111 413 4174 31
424 4107 500 4176 Quae
510 4123 544 4163 ex
552 4110 596 4165 his
605 4102 863 4178 de‘elogio'Valerii
871 4109 950 4181 sequi
957 4110 1109 4176 videantur,
1117 4109 1469 4182 explicahoinappenddl.
