3134 4986
306 381 373 441 358
763 380 892 450 Edgaruu
908 380 1023 438 Martini
1129 417 1132 430 .

306 553 433 622 ¹babeat
464 573 506 620 ιιι
535 555 569 621 in
599 559 752 622 contextu
780 554 830 620 sui
858 553 942 638 ἧκες
971 573 1066 638 quem
1097 551 1141 620 ad
1169 551 1301 620 modum
1327 551 1379 618 sol
1400 551 1476 616 anui

307 657 401 724 uicos
424 662 532 723 servet
554 675 596 722 an
618 663 703 722 retro
725 653 843 738 flectet,
867 661 976 724 cetera
998 654 1154 739 deinceps
1176 642 1314 720 similia.³
1356 652 1396 718 lu
1419 651 1476 718 bus

314 757 412 840 igitur
433 776 486 824 res
502 756 696 824 Posidonius
719 757 753 822 in
767 757 850 824 libro
863 750 957 840 ‘neci
971 746 1163 850 μετεώρων
1182 755 1394 838 inquisivisse
1410 755 1476 820 exi-

308 858 491 925 stimandus
514 864 578 925 cst:
601 878 685 942 quae
708 859 850 942 suspicio
866 859 998 942 egregie
1011 857 1175 926 stabilitur
1189 863 1222 922 et
1235 855 1383 922 firmetur
1399 855 1476 922 duo

310 961 371 1026 bus
393 979 476 1044 quoe
492 980 535 1027 ex
560 961 619 1026 ille
643 961 818 1044 scriptione
845 961 939 1028 nobis
964 959 1108 1026 servavit
1132 958 1280 1026 Laertius
1307 958 1476 1040 Diogenes

309 1059 508 1146 fragmentis.
544 1060 688 1140 Quorum
707 1063 797 1146 prins
814 1063 836 1128 l.
853 1061 988 1128 1111144
1003 1066 1120 1143 exstat,
1142 1061 1198 1127 ubi
1213 1060 1370 1143 legimus:
1389 1053 1477 1124 εἶναι

311 1161 348 1226 δὲ
369 1159 429 1228 τὸν
451 1161 513 1244 μέν
534 1153 630 1247 ἥλιον
653 1161 827 1248 εἰλικρινές
849 1165 933 1245 πῦρ,
961 1159 1056 1228 καθά
1078 1182 1165 1249 φησι
1186 1158 1422 1237 Ποσειδώνιος
1444 1158 1478 1224 ἐν

309 1265 358 1349 τῷ
374 1262 403 1343 ζ’
417 1258 518 1347 ’Περὶ
533 1261 738 1348 μετεώρων.
762 1265 853 1344 Quae
863 1267 965 1334 verbe
975 1266 1064 1332 uuila
1074 1263 1222 1347 indigent
1233 1263 1476 1346 explanatione.

310 1367 426 1433 Paullo
455 1366 621 1436 difficilius
652 1369 791 1434 alterum
820 1374 869 1435 esi
895 1367 1110 1451 fragmentum
1141 1365 1313 1451 quodlib
1329 1365 1393 1430 Vll
1417 1367 1477 1429 135

310 1465 481 1552 legiturr’
467 1462 700 1593 ειτιφάνειαό’
720 1466 790 1534 loci
808 1466 965 1551 σώματος
981 1455 1124 1552 πέρας
1103 1492 1123 1554 η
1140 1464 1178 1534 τὸ
1196 1468 1301 1554 μῆκος
1315 1467 1375 1530 καὶ
1391 1459 1477 1529 πλά-

308 1593 367 1646 τος
388 1567 492 1652 μόνον
513 1567 596 1651 έχον,
618 1562 843 1655 comoed*
804 1595 853 1636 ov.
886 1569 1010 1657 ταύτην
1025 1567 1062 1634 δέ
1077 1566 1306 1644 Ποσειδωνιος
1319 1564 1357 1632 έν
1372 1571 1477 1652 τρίτῳ

306 1666 408 1757 inopi
430 1664 620 1756 μετεώρων
646 1697 702 1738 και
724 1697 786 1738 κατ
826 1670 982 1739 ἐπίνοιαν
1003 1673 1060 1738 καὶ
1082 1663 1165 1736 καθ
1183 1665 1376 1736 ὑπόστασιν
1391 1661 1478 1734 ἄκτο-

311 1776 433 1842 λείιτει.
457 1774 549 1853 Quae
560 1775 772 1842 Posidonium
787 1795 859 1842 cum
875 1775 918 1842 de
932 1776 1040 1842 forma
1051 1775 1193 1842 siderum
1210 1774 1264 1851 (ci.
1280 1776 1392 1857 supra)
1409 1773 1478 1839 dis-

309 1884 432 1945 sereret
462 1877 653 1960 exposuisse
675 1883 764 1960 puto.
809 1876 857 1945 01.
881 1871 1016 1944 Bakei‘
1026 1878 1099 1946 Pos.
1120 1875 1226 1945 Rhod.
1248 1867 1327 1942 rell.
1353 1897 1386 1960 p.
1405 1878 1477 1940 242

397 1978 646 2062 circumscripto
686 1979 842 2045 librorum
877 1972 941 2046 ‘Dc
974 1969 1139 2046 meteoris'
1177 1983 1371 2062 argumento
1413 1979 1478 2044 inm

310 2080 480 2148 videamus
508 2100 584 2146 num
613 2081 711 2146 etiam
740 2079 782 2146 de
803 2073 1019 2164 ‘Compendio
1040 2076 1306 2162 meteorologico'
1338 2081 1479 2146 certiora

309 2183 447 2268 proferri
470 2184 603 2266 possint.
641 2181 713 2260 Quo
735 2183 833 2267 plane
857 2181 1063 2252 easdemres
1086 2187 1239 2248 mactatas
1260 2181 1364 2248 fuisse
1380 2187 1478 2264 atque

309 2285 393 2351 libro
413 2277 478 2350 ‘De
501 2282 665 2351 meteoris'
691 2304 789 2368 quam
811 2302 887 2350 vore
906 2285 1134 2368 negaverimus
1156 2284 1210 2349 vel
1230 2283 1372 2350 alterum
1386 2282 1478 2366 ,inag-

309 2393 490 2452 mentorum
511 2407 533 2452 a
548 2386 678 2453 Laertio
694 2407 736 2453 ex
755 2379 970 2470 ‘compendio
985 2379 1250 2467 meteorologico'
1274 2391 1479 2452 servatorum

310 2486 446 2554 adfatim
468 2487 573 2554 docet.
618 2487 767 2571 Namque
789 2507 840 2554 res
863 2487 921 2554 illo
943 2493 1081 2554 tractata
1101 2505 1166 2552 non
1185 2485 1229 2552 ad
1247 2488 1406 2570 μετέωρα
1422 2486 1479 2554 scd

311 2589 357 2656 ad
378 2586 546 2674 μετάρσια
567 2591 717 2674 pertinet
761 2587 809 2658 cf.
832 2588 1214 2670 La.Diog.l.V11152:
1236 2582 1306 2671 ἶριν
1331 2579 1365 2650 δ’
1393 2581 1480 2652 εἶναι

311 2683 416 2776 αὐγὰς
446 2681 511 2773 ἀφ’
543 2684 652 2775 ὑγρῶν
681 2692 792 2776 νεφῶν
819 2682 1108 2773 ἀνακεκλασμένας
1129 2677 1150 2778 ἢ
1173 2684 1220 2766 ὡς
1241 2687 1480 2765 Ποσειδώνιός

311 2813 396 2880 φησι
411 2789 446 2856 έν
461 2803 503 2880 τῇ
516 2785 825 2880 (Μετεωρολογικῇ
845 2791 993 2880 ἔμφασιν
1007 2787 1106 2881 ἡλίου
1121 2789 1325 2877 τμήματσςῆ
1338 2789 1479 2880 σελήνης

311 2891 345 2960 έν
368 2897 465 2981 νέφει
487 2891 736 2978 δεδροσισμένῳ
757 2893 862 2978 accip
883 2895 940 2959 καὶ
964 2907 1092 2976 συνεχεῖ
1113 2893 1200 2978 πρὸς
1222 2897 1419 2982 φαντασίαν
1437 2892 1480 2968 ὡς

312 2993 346 3062 έν
359 2993 542 3079 κατόπτρῳ
558 2992 810 3082 φανταζομένην
824 2993 909 3061 κατὰ
921 2994 1039 3062 κύκλοι
1051 2999 1282 3083 περιφέρειαν.
1304 2997 1478 3082 Discepta-

310 3100 358 3164 uit
373 3099 471 3182 igitur
485 3097 679 3165 Posidonius
695 3098 729 3164 iu
744 3099 827 3165 libro
843 3100 899 3183 qui
914 3100 1086 3183 inscriptus
1102 3093 1478 3183 erat‘Mcrcccpcloycaip

312 3191 533 3280 στοιχείωοις’
559 3200 601 3265 de
623 3200 720 3266 rebus
743 3199 943 3266 sublimibus.
977 3202 1022 3266 At
1042 3221 1123 3268 cave
1146 3200 1262 3268 credes
1278 3200 1320 3268 dc
1336 3200 1388 3268 his
1404 3203 1478 3268 uuis

311 3321 385 3366 eum
409 3302 443 3366 in
466 3302 529 3368 isto
552 3300 664 3368 libello
687 3301 788 3368 verba
807 3302 936 3369 fecisse.
982 3300 1078 3379 Quod
1100 3321 1141 3368 ue
1163 3302 1358 3368 arbitremur
1380 3304 1479 3368 enixe

310 3409 469 3488 repugnat
490 3403 630 3486 primum
652 3401 754 3469 index
775 3403 859 3470 libro
881 3404 1095 3488 praepositus.
1129 3404 1257 3470 Etenim
1280 3403 1479 3470 Posidonius

311 3506 340 3572 si
363 3504 404 3572 dc
427 3505 523 3571 rebus
545 3505 735 3571 sublimibus
750 3506 828 3572 solis
844 3505 974 3588 egisset,
998 3505 1120 3587 ambigi
1134 3507 1249 3589 nequit
1263 3507 1341 3587 quin
1357 3507 1478 3572 libram

311 3626 403 3672 suum
425 3611 614 3689 argumento
633 3604 879 3674 adcommodato
899 3597 1223 3690 ‘Muccuepocoioyoui²
1253 3607 1307 3672 vel
1320 3599 1479 3690 ‘Merop-

311 3704 478 3793 σιολομκὴ
497 3699 718 3787 στοιχείωσις’
737 3711 946 3793 inscripturus
960 3711 1066 3776 fuerit
1098 3708 1289 3775 Aristotcles
1304 3727 1384 3775 saue
1399 3712 1478 3776 scri-

310 3814 425 3892 pturae
453 3828 531 3875 suae
560 3809 601 3874 de
629 3811 726 3876 rebus
755 3811 946 3878 sublimibus
974 3811 1182 3894 praemittere
1210 3811 1316 3893 potuit
1348 3812 1478 3877 titulum

308 3901 616 3994 ‘Mscswpoloyoroi'
627 3913 660 3995 ¹),
668 3912 818 3977 nimirum
826 3913 912 3996 quod
923 3913 954 3978 ei
966 3912 1302 3978 sublimiaaudiebent
1311 3915 1476 3995 μετέωροι.

399 4048 423 4107 1)
440 4041 516 4097 Haec
533 4043 628 4098 melior
645 4044 785 4110 memoria3
803 4043 832 4097 in
850 4045 945 4112 paucis
968 4045 1107 4100 codicibus
1124 4043 1194 4099 liber
1215 4044 1378 4099 inscribitur
1395 4039 1476 4119 ιπερὶ

311 4119 485 4196 μετεώρων.’
514 4127 556 4182 cl.
574 4133 603 4183 et
619 4127 718 4184 Zelleri
731 4123 820 4184 ‘Hist
838 4128 935 4198 pbilos.
957 4120 1013 4184 er!
1032 4128 1072 4182 11³
1085 4133 1109 4196 2,
1123 4145 1151 4198 p.
1165 4133 1207 4198 87,
1226 4135 1282 4184 nou
1297 4134 1321 4184 2.
