3198 4974
253 387 296 442 De
312 387 435 444 tontibus
452 387 578 458 Dionysii
594 387 844 444 Halieumassensis
863 389 1036 458 quaestiones
1054 391 1154 446 variae.
1224 389 1286 448 203

210 559 344 642 Omnia,
368 580 452 644 qnae
475 581 518 628 ex
539 560 714 644 Plutarcho
737 562 901 648 descripta
923 583 1022 647 supra
1042 563 1218 648 posuimus,
1243 583 1285 630 ex

125 663 283 748 Dionysio
311 663 415 746 petita
445 681 517 730 esse
545 669 696 747 possunt,
723 664 787 731 nisi
816 663 903 748 quod
932 683 975 730 ex
1003 665 1073 731 eius
1101 665 1285 732 narratione

124 785 189 832 non
211 764 415 848 eognosoitnr
438 783 618 846 quernae
640 784 759 832 oorona
778 767 934 832 Marcium
949 771 1017 832 tum
1032 764 1186 832 donatum
1202 787 1285 834 esse.

125 867 193 934 Sed
215 887 296 933 eave
318 871 413 950 putes
436 865 499 933 beo
520 866 562 933 de
584 887 619 933 re
642 867 744 934 alium
766 871 932 932 auotorem
955 866 1129 935 Plutarobo
1159 869 1283 934 aditum

126 988 214 1053 esse;
244 988 362 1051 nempe
390 970 419 1035 is
448 969 613 1054 propriam
642 969 811 1036 seientiam
837 966 999 1050 prioribus
1021 988 1146 1036 morum
1167 970 1284 1036 Roma·

124 1091 238 1139 norum
255 1070 371 1138 studiis
390 1076 516 1153 partam
539 1068 720 1152 commode,
742 1070 892 1134 nimirum
917 1089 981 1152 qua
1002 1071 1108 1137 tennis
1130 1074 1286 1139 memoria

125 1173 167 1240 de
182 1172 297 1240 Mareii
318 1172 542 1238 adnleseentia
564 1171 766 1255 aliquantulo
788 1171 911 1253 largius
935 1177 1155 1254 exornaretur,
1178 1179 1286 1240 osten·

125 1275 187 1340 tari
217 1274 433 1342 existimabat.
479 1271 574 1351 Quod
603 1273 679 1340 inde
709 1292 838 1357 quoque
867 1273 945 1340 lieet
974 1293 1168 1358 cognoscas,
1198 1273 1286 1357 quod

125 1377 234 1443 statim
250 1375 295 1460 id,
318 1374 407 1459 quod
422 1377 494 1459 ipse
509 1374 713 1459 amplificans
728 1373 866 1456 addidit,
883 1375 1012 1457 legibus
1022 1375 1177 1442 Romanis
1193 1377 1286 1459 quasi

125 1478 262 1546 testibus
291 1476 457 1561 produotis
488 1475 665 1544 defendere
694 1496 733 1543 ae
756 1477 894 1562 probare
917 1475 1040 1543 studet:
1067 1470 1201 1542 ‘rodono
1222 1473 1286 1561 γὰρ

125 1573 142 1644 ὁ
155 1577 260 1662 νόμος
274 1580 323 1663 τῷ
337 1577 482 1664 πολίτην
496 1572 773 1662 ὑπερασπίσαντι
787 1573 847 1642 τὸν
863 1580 1029 1663 στέφανον
1046 1568 1286 1644 ἇπσδέδωκεν’.

123 1683 232 1766 Atque
264 1688 299 1748 ut
331 1681 398 1747 iam
433 1681 536 1748 omnis
570 1687 744 1748 evanescet
776 1679 953 1763 dubitatio,
988 1679 1066 1763 quin
1099 1681 1285 1746 exometius

124 1789 347 1863 enarraturus,
378 1803 459 1866 qua
487 1784 649 1850 ratione
678 1784 784 1867 prima
811 1783 976 1867 stipendia
1004 1781 1195 1848 Coriolanus
1218 1801 1284 1848 me-

123 1887 241 1968 ruerit,
270 1885 394 1950 nullum
425 1891 554 1968 praeter
577 1884 771 1968 Dionysium
798 1889 874 1950 ante
903 1885 1016 1951 oeulos
1039 1882 1189 1950 babuerit
1211 1903 1285 1950 auo·

125 1995 239 2072 torem,
263 1987 322 2055 sed
344 1985 427 2052 nihil
448 1987 512 2054 nisi
535 1985 630 2052 buius
652 1985 871 2052 narrationem
892 1984 1143 2069 amplifioaverit
1161 1991 1193 2050 et
1214 2005 1286 2052 ver·

125 2090 255 2156 bosiore
293 2091 439 2156 oratione
476 2088 677 2154 dilataverit:
722 2088 756 2153 in
793 2090 866 2172 ipsa
907 2088 949 2154 de
988 2106 1108 2154 oorona
1144 2105 1288 2168 quernea

125 2191 344 2275 explicatione
376 2191 521 2274 reperies
554 2189 657 2256 verba
689 2191 732 2255 ab
767 2190 882 2257 eodem
918 2189 1078 2274 Dionysio
1112 2187 1286 2254 Plutarobo

124 2293 383 2360 subministrata:
413 2297 473 2372 τῷ
505 2288 717 2376 πολίτην
745 2287 1062 2375 ὑπερασπίσαντι
1090 2289 1151 2368 (Of.
1174 2310 1288 2374 supra:

125 2395 221 2462 Dion.
239 2395 316 2460 VIII
339 2399 435 2479 29,4:
464 2391 636 2477 πολίτην
665 2387 953 2477 ὑπερασπίσας).
997 2393 1067 2458 Neo
1088 2393 1205 2458 mirum
1228 2399 1287 2475 est,

124 2498 213 2581 quod
230 2496 423 2564 Plutarobus
446 2495 491 2562 ad
512 2495 617 2562 solum
633 2493 828 2577 Dionysium
847 2493 908 2562 bae
931 2496 964 2560 in
987 2515 1023 2562 re
1046 2495 1286 2578 reimplicavit,

125 2602 190 2684 qui,
206 2619 281 2668 eum
296 2599 487 2682 praesertim
503 2585 688 2662 orationi
704 2595 788 2662 bano
800 2595 1003 2664 historiolam
1018 2596 1198 2678 inseruerit,
1221 2596 1286 2662 iam

125 2703 206 2786 ipse,
233 2702 325 2784 isque
347 2700 481 2784 primns,
505 2697 635 2763 videtur
657 2696 741 2765 bano
763 2717 832 2764 rem
853 2696 989 2766 fusius
1012 2698 1206 2765 narravisse.

211 2802 281 2870 Sed
303 2809 412 2868 tamen
434 2806 535 2868 restet
556 2818 639 2866 unns
654 2800 839 2884 serupulus:
863 2800 1055 2868 Plutarehns
1076 2819 1145 2866 rem
1168 2800 1287 2866 saetam

128 2925 199 2974 esse
221 2905 257 2972 in
279 2923 390 2987 pugna
411 2901 591 2985 Regillensi
614 2901 728 2985 tradit3
760 2902 938 2986 Dionysius
968 2901 1012 2970 ad
1033 2902 1068 2968 id
1090 2910 1217 2986 tempus
1239 2921 1289 2968 re·

126 3007 228 3091 legat,
254 2995 325 3070 ’ὅτε
345 3000 424 3078 τοὺς
445 3002 597 3086 βασιλεῖς
618 3005 679 3088 βίᾳ
700 3000 878 3079 κατιόντας
904 2995 1166 3091 ἠγωνιζόμεθα.
1212 3001 1288 3081 Qui·

126 3108 186 3176 bus
209 3108 320 3175 verbis
336 3125 533 3190 quamquam
556 3110 644 3171 eerto
661 3103 829 3172 definitum
845 3112 973 3192 tompus
996 3127 1061 3173 non
1079 3105 1288 3188 significatur,

127 3216 235 3278 umen
251 3209 387 3276 meliore
402 3209 472 3274 iure
489 3207 531 3274 de
547 3205 711 3290 prioribus
734 3227 807 3274 oum
823 3209 1002 3292 Tarquinio
1022 3208 1170 3292 Superbo
1192 3206 1289 3272 bellis

125 3314 318 3397 cogitemus,
342 3313 394 3388 (ao
409 3309 529 3391 neseio,
552 3329 595 3373 an
617 3309 739 3392 optimo
755 3311 824 3376 iure
840 3310 882 3376 de
898 3331 1009 3394 pugna
1029 3310 1073 3376 ad
1089 3310 1217 3376 Arsiam
1234 3309 1290 3373 sil·

127 3431 203 3480 vam
215 3413 413 3490 oommisse),
430 3430 528 3495 quam
541 3409 583 3476 de
594 3411 773 3478 novissimo
785 3412 1035 3496 Tarquiniorum
1049 3417 1177 3494 oonatu,
1193 3427 1289 3492 quem

129 3519 169 3580 13
192 3516 287 3582 anuis
308 3521 383 3598 post
404 3519 591 3598 susceptum
613 3531 686 3579 esse
707 3514 892 3597 aeeepimus
915 3511 1288 3593 (245l509-258l496).

127 3616 241 3684 Nihilo
264 3623 372 3682 tamen
395 3615 497 3681 setius
520 3613 638 3697 omnia,
662 3633 747 3697 quae
770 3614 812 3680 de
834 3635 946 3700 pugna
961 3615 1140 3698 Regillensi
1163 3613 1289 3678 Plutar-

124 3717 209 3785 obus
231 3717 364 3802 profert,
388 3717 510 3801 optime
532 3721 711 3800 eongruunt
733 3734 806 3782 oum
820 3716 972 3801 Dionysii
987 3717 1181 3798 narratione,
1206 3733 1291 3798 quae

127 3817 161 3884 in
183 3825 249 3887 ant.
273 3820 345 3885 libr.
369 3818 414 3884 VI
436 3821 541 3882 2-17
579 3817 621 3884 de
652 3816 713 3884 bae
742 3837 852 3901 pugna
875 3825 991 3900 exstat,
1019 3819 1082 3884 nisi
1105 3818 1193 3900 quod
1214 3817 1290 3882 Plu·

128 3920 268 4002 tarobus,
292 3927 402 4005 utpote
426 3922 482 4005 qui
504 3921 671 4004 copiosam
695 3920 846 4004 Dionysii
870 3920 1087 3986 narrationem
1110 3921 1144 3984 in
1167 3937 1290 4004 paucos

128 4041 242 4090 versus
272 4029 384 4106 nogat,
418 4021 524 4086 minus
559 4027 710 4088 aeourate
739 4014 877 4086 ‘nollet
911 4018 948 4085 δὲ
981 4021 1035 4086 καὶ
1070 4021 1138 4084 τῶν
1179 4013 1290 4084 ἄλλων

123 4113 324 4188 Ἰταλιωτῶν
350 4127 406 4203 (ac.
430 4130 559 4208 praeter
582 4122 727 4198 Latinos)
757 4113 1017 4206 συνεστράτευον
1046 4122 1103 4187 καὶ
1131 4123 1291 4207 σσγκατή-
1357 4175 1361 4184 ,
