3134 4986
491 321 669 391 quaestiones
687 319 895 376 Posidonianae.
1213 318 1275 378 393

115 497 242 564 medem
271 497 354 562 inter
384 502 415 561 et
443 494 653 562 Posidonium
681 492 860 559 intercedat
888 511 1065 577 exponam,
1099 512 1205 576 pauca
1233 492 1275 558 de

115 599 203 664 illius
232 604 338 664 aetate
367 595 508 681 praefari
539 615 556 660 e
582 615 617 660 re
640 615 711 662 esse
734 594 814 660 mihi
837 593 973 660 videtur.
1019 594 1102 660 Nam
1126 597 1198 678 quis
1220 597 1277 662 ubi

113 699 211 766 fuerit
239 718 369 782 prorsus
397 700 597 781 ignoramus,
627 716 699 762 cum
722 697 793 780 ipse
816 694 857 762 de
879 715 914 761 se
937 693 1018 760 nihil
1041 696 1147 762 tradat
1169 717 1275 781 neque

114 803 287 885 quisquam
310 806 455 867 veterum
470 799 662 881 scriptorum
678 833 718 842 —
735 797 880 864 consulto
895 797 1056 862 misellum
1072 798 1172 865 Pselli
1188 800 1275 866 testi·

113 905 257 969 monium
287 903 397 968 omitto
427 901 478 978 (ci.
502 901 571 968 aius
590 894 723 966 ‘Omnit
747 896 829 966 hist'
855 919 925 983 cap.
953 901 1012 960 117
1035 898 1123 983 apud
1146 899 1273 967 Fabric.

110 997 209 1070 ‘Bibl
222 1000 285 1069 Gr?
301 1004 328 1068 V
342 998 461 1087 [lilalt
474 1037 511 1047 —
526 1023 599 1068 cum
612 1006 847 1068 commemoret.
885 1001 1009 1066 Tamen
1022 999 1083 1066 hoo
1093 1021 1190 1066 unum
1201 1022 1275 1068 con·

112 1105 248 1172 tendere
269 1105 318 1171 fas
345 1113 394 1171 est
419 1103 623 1188 philosophis
639 1103 745 1187 potius
762 1122 858 1187 quam
873 1103 1066 1170 astronomis
1081 1109 1137 1168 aut
1152 1103 1275 1170 mathe-

113 1209 243 1274 maticis
259 1206 468 1273 cleomedem
491 1205 726 1296 accensendum
751 1225 832 1272 esse.
866 1204 950 1270 Nam
973 1210 1041 1271 tota
1063 1206 1132 1272 eius
1150 1206 1275 1290 discep-

112 1311 206 1377 tandi
234 1311 315 1376 ratio
344 1307 604 1393 philosophantis
633 1314 697 1392 est,
727 1329 792 1374 non
821 1305 1039 1373 mathematici
1067 1307 1129 1372 viri
1160 1315 1274 1376 exacte

113 1411 329 1496 computantis
357 1411 579 1493 subtiliterque
608 1411 748 1476 rationes
777 1408 994 1475 subducentis.
1043 1408 1128 1475 Hinc
1156 1410 1225 1475 inre
1253 1431 1275 1478 a

111 1515 223 1580 Psello
238 1515 259 1578 l.
276 1534 303 1580 c.
319 1508 515 1598 Κλεομήδης
530 1505 547 1575 ὁ
565 1508 756 1595 φιλόσοφος
770 1517 981 1594 nuncupatur.
1012 1511 1127 1595 Neque
1140 1513 1274 1578 dubium

112 1635 186 1684 esse
209 1622 331 1699 potest,
354 1616 432 1698 quin
455 1613 634 1680 Stoicorum
657 1620 765 1680 sectae
793 1611 943 1678 addictus
965 1612 1076 1695 fuerit,
1107 1634 1180 1680 cum
1203 1617 1273 1682 eius

109 1718 244 1784 libellus
260 1718 440 1784 Stoicorum
463 1715 609 1781 doctrina
624 1721 755 1781 scateat.
789 1715 951 1798 Tempora
965 1720 1073 1780 autem
1088 1714 1274 1784 Cleomedis

111 1839 228 1885 vereor
240 1825 275 1884 ut
284 1819 362 1884 artis
373 1818 517 1884 terminis
528 1815 735 1883 circumcludi
746 1822 874 1900 queant.
897 1814 1098 1900 Quamquam
1106 1817 1274 1901 Zieglerus

110 1923 147 1986 in
171 1920 397 1986 dissertatione
420 1939 479 1984 sua
498 1912 562 1984 tDe
584 1919 653 1984 vita
676 1925 708 1984 et
730 1919 856 2002 scriptis
880 1913 1076 1984 Cleomedis'
1094 1922 1201 1999 (1878)
1224 1941 1273 1988 ra·

111 2024 202 2089 tione
236 2020 376 2104 quadam
405 2021 620 2088 astronomica
649 2021 795 2086 instituta
822 2025 962 2086 aetatem
992 2020 1061 2086 eius
1090 2021 1274 2090 adcuratius

111 2123 301 2190 definivisse
332 2124 394 2190 sibi
422 2125 512 2190 visus
541 2129 598 2189 est.
644 2122 710 2188 Sed
738 2130 825 2188 reotc
854 2129 965 2188 contra
993 2141 1066 2187 eum
1095 2121 1276 2207 disputavit

111 2227 259 2292 Blassius
267 2228 288 2286 l.
296 2229 317 2285 l.
329 2246 360 2310 p.
371 2231 411 2290 24
423 2234 486 2292 not.
500 2232 525 2290 1.
550 2223 612 2302 Qui
625 2225 766 2307 Ziegleri
781 2225 1089 2305 argumentationem
1102 2231 1274 2308 propterea

111 2329 252 2394 futtilem
276 2347 347 2394 esse
368 2327 557 2408 autumavit,
581 2326 668 2409 quod
691 2343 914 2410 quaecumque
937 2323 1128 2392 Cleomedcs
1151 2327 1275 2409 profert

113 2451 154 2496 ea
182 2450 246 2496 non
275 2431 384 2521 ipsius
406 2427 465 2494 sed
487 2429 624 2494 aliorum
647 2448 718 2496 esse
742 2432 866 2494 constat
888 2426 939 2502 (oi.
964 2424 1075 2506 intra),
1107 2429 1153 2492 ita
1175 2436 1209 2493 ut
1231 2429 1274 2495 ad

113 2535 184 2600 eius
214 2539 355 2598 aetatem
382 2530 615 2596 enucleandam
642 2550 756 2614 parum
780 2529 919 2594 valeant.
957 2527 1041 2592 Tum
1064 2527 1151 2594 haud
1174 2529 1274 2598 dubio

114 2655 173 2700 suo
203 2635 273 2700 iure
302 2633 390 2699 idem
412 2633 557 2700 Blassius
586 2633 608 2696 l.
630 2632 651 2696 l.
675 2631 922 2698 incertissimum
955 2648 1026 2696 essc
1049 2632 1274 2712 pronunciavit

114 2757 191 2802 num
220 2737 349 2802 omnino
372 2734 554 2802 Cleomedis
583 2740 694 2800 auctor
723 2733 850 2799 stellam
880 2752 963 2814 quae
992 2733 1098 2815 agitur
1120 2733 1274 2800 adcurate

115 2838 346 2919 observaverit,
370 2857 443 2903 cum
466 2834 612 2918 exceptis
633 2835 805 2919 perpaucis
827 2833 1011 2901 hominibus
1035 2835 1148 2918 doctis,
1172 2836 1273 2901 veluti

115 2937 314 3024 Hipparcho,
338 2945 465 3004 veteres
487 2939 520 3002 in
543 2937 606 3004 hac
627 2958 662 3004 re
685 2938 794 3021 paullo
817 2937 1076 3020 neglegentiores
1098 2938 1198 3004 tuisse
1222 2959 1274 3006 res

114 3043 158 3108 sit
186 3041 363 3124 explorata.
409 3038 503 3117 Quod
533 3059 629 3122 qnam
658 3039 805 3123 adposite
836 3038 980 3106 Blassius
1009 3041 1169 3105 monuerit
1198 3040 1274 3106 inde

114 3143 322 3227 perspicuum
346 3148 404 3224 est,
428 3141 515 3224 quod
532 3141 715 3208 observatio
731 3142 787 3206 illa
803 3141 854 3218 (oi.
871 3140 993 3207 Olcom.
1010 3141 1060 3206 l.I
1076 3161 1147 3226 cap.
1166 3145 1215 3206 11.
1233 3145 1273 3208 59

113 3267 146 3328 p.
165 3247 235 3327 106,
253 3245 293 3308 28
316 3243 399 3327 Zgl.)
435 3243 525 3310 ouius
554 3263 616 3328 ope
646 3243 812 3325 Zieglcrus
836 3241 1019 3308 Cleomedis
1048 3249 1196 3326 tempora
1218 3244 1273 3310 de·

114 3348 255 3413 scribere
278 3352 411 3412 conatus
434 3352 539 3411 estex
562 3364 705 3428 quaque,
729 3345 756 3410 si
778 3344 821 3410 ad
844 3346 955 3411 vivum
978 3351 1148 3428 resecatur,
1172 3365 1274 3413 annus

114 3449 185 3514 exit
206 3447 280 3531 GC,
311 3466 329 3512 e
351 3446 526 3512 Posidonio
555 3446 726 3530 desumpta
757 3454 806 3512 est
833 3446 876 3513 ad
903 3467 998 3530 quem
1020 3447 1149 3512 omnino
1172 3453 1274 3512 totum

113 3570 187 3634 cap.
202 3549 251 3614 XI
268 3548 361 3614 redit.
400 3546 471 3626 Qua
494 3547 535 3614 de
553 3569 587 3614 re
603 3549 682 3614 alibi
698 3568 841 3631 agemus.
875 3546 998 3626 Quodsi
1014 3549 1162 3630 Zieglero
1179 3568 1273 3614 oona-

113 3659 183 3717 tum
215 3651 333 3718 frustra
366 3656 495 3734 captum
529 3668 600 3715 esse
629 3651 794 3732 existimo,
829 3651 1008 3717 certissima
1036 3649 1116 3714 mibi
1146 3650 1274 3716 videtur

113 3752 317 3819 ratiocinatio
341 3771 450 3818 eorum
473 3752 529 3834 qui
552 3750 663 3816 dicunt
678 3751 887 3818 cleomedem
905 3773 976 3818 cum
992 3771 1150 3834 nusquam
1165 3753 1272 3818 Ptolo·

112 3855 200 3920 maei
222 3854 369 3920 iniecerit
391 3854 602 3935 mentionem,
633 3860 707 3918 ante
730 3852 814 3920 huno
837 3854 958 3921 vixisse
981 3855 1035 3920 vel
1057 3853 1171 3918 saltem
1193 3859 1273 3919 tem·

113 3975 194 4040 pore
223 3956 333 4038 aliquo
363 3975 436 4020 cum
461 3955 634 4030 clarissimi
657 3955 744 4021 illius
766 3957 942 4023 astronomi
963 3954 1176 4022 Alexandrini
1199 3955 1273 4020 doo-

115 4059 201 4122 trina
231 4058 372 4124 nondum
395 4063 483 4124 tanto
508 4075 605 4140 opere
628 4059 839 4140 praevalebat
860 4058 1062 4141 auctoritate,
1085 4064 1120 4122 ut
1141 4059 1274 4122 inventa
