3170 4984
637 1211 782 1281 CAPUT
804 1211 843 1279 V.

334 1361 581 1460 basouches
609 1361 782 1466 Dronysic'
806 1363 1149 1442 Hole'carnaoeena's

412 1484 449 1559 τ’νι
468 1488 539 1559 ont.
558 1481 664 1560 Rom.
692 1481 1069 1560 V1-13adbo2‘to,

244 1635 310 1704 Sed
326 1637 478 1720 quoniam
494 1637 714 1722 disseruimus,
737 1657 897 1722 quaenam
919 1637 1002 1704 ratio
1017 1637 1102 1702 inter
1118 1637 1240 1704 Valerii
1255 1638 1320 1704 An·

156 1739 245 1806 tialis
268 1739 457 1805 memoriam
481 1745 514 1806 et
537 1759 619 1822 eam,
643 1759 740 1823 quam
760 1740 937 1824 Dionysius
960 1737 1105 1820 exhibet,
1128 1739 1320 1822 intercedat,

157 1841 312 1926 deinceps
336 1839 556 1924 quaerendum
580 1847 645 1924 est,
675 1861 749 1907 num
781 1841 859 1924 quid
882 1841 1000 1907 certius
1024 1839 1065 1908 do
1094 1839 1167 1924 ipso
1189 1847 1321 1907 auctore

157 1943 212 2008 vel
234 1977 277 1988 -
299 1943 326 2008 si
350 1941 412 2007 hoc
433 1943 551 2010 rectius
575 1943 765 2008 dicatur-
788 1942 830 2008 de
859 1943 940 2026 ipsis
963 1941 1147 2008 auctoribus
1171 1941 1321 2028 Dionysii

158 2044 321 2112 enucleari
343 2044 455 2128 possit.
514 2107 516 2112 ,
771 2031 775 2038 “

244 2143 371 2210 Etenim
382 2141 462 2210 mihi
475 2165 516 2210 ea
526 2145 657 2228 indicia,
670 2143 787 2229 quibus
799 2145 873 2211 freti
885 2151 919 2212 et
928 2139 1113 2212 Niluschius
1126 2151 1159 2211 et
1170 2141 1322 2211 Virukius

157 2245 243 2314 hanc
265 2266 392 2330 quoque
422 2248 519 2332 primi
541 2247 616 2313 libri
638 2253 781 2332 partem,
811 2247 868 2312 ille
890 2253 1007 2330 totam,
1038 2245 1092 2314 hic
1113 2247 1258 2312 maxima
1280 2266 1322 2312 ex

157 2356 250 2435 parte
273 2370 315 2416 ex
341 2347 512 2416 annalibus
534 2349 651 2414 Licinii
674 2347 775 2414 Macri
803 2349 939 2432 petitam
969 2354 1213 2431 ausonensem,
1244 2347 1323 2413 satis

157 2452 295 2536 probata
317 2469 388 2517 esse
411 2451 476 2516 iam
500 2470 598 2534 supra
619 2449 779 2533 negavi-¹)
816 2449 889 2516 Meo
905 2449 1037 2533 quidem
1059 2447 1180 2518 iudicio
1197 2449 1322 2516 duabus

157 2559 282 2620 tantum
305 2551 401 2618 rebus
424 2551 543 2636 aliquis
572 2572 637 2618 non
659 2552 875 2636 argumentis,
906 2551 963 2618 sed
992 2549 1200 2618 adminiculis
1227 2547 1323 2617 huius

158 2655 339 2742 sententiae
362 2655 408 2720 uti
431 2661 553 2738 potest:
582 2654 722 2736 primum
753 2653 838 2718 euim
869 2660 994 2720 constat
1016 2654 1208 2738 Dionysium
1232 2647 1322 2718 Hali·

159 2775 401 2826 carnassensem
433 2762 488 2820 aut
516 2756 626 2821 omnia
648 2760 704 2821 ant
733 2755 829 2840 longe
852 2753 1010 2840 plurima,
1039 2773 1122 2838 quae
1144 2755 1173 2820 V
1196 2755 1323 2820 59-77

159 2864 279 2942 narrat,
304 2879 345 2924 ex
368 2857 493 2922 Licinio
516 2855 663 2924 hausisse
695 2863 727 2922 et
755 2857 941 2941 ceteroquin
971 2876 1099 2942 quoque
1128 2877 1227 2940 saepe
1249 2875 1323 2922 oum

157 2961 284 3044 adisse;
309 2958 427 3026 deiude
442 2959 508 3022 iam
522 2957 665 3024 vidimus
675 2961 700 3040 2)
716 2959 877 3043 quaedam
893 2959 927 3023 in
949 2961 1057 3042 priore
1080 2978 1211 3042 quoque
1232 2965 1324 3042 parte

159 3063 189 3130 V
211 3063 287 3129 libri
310 3082 331 3127 a
352 3061 503 3145 populari
526 3061 683 3144 scriptore
706 3061 812 3126 videri
834 3065 955 3126 novata
978 3079 1060 3126 esse.

246 3164 289 3230 At
311 3164 338 3230 si
361 3164 433 3247 quis
458 3162 508 3228 his
531 3159 609 3228 solis
632 3163 720 3229 nisus
742 3161 902 3228 Licinium
918 3161 1060 3229 Macrum
1078 3162 1227 3243 Dionysii
1250 3181 1324 3228 auo·

159 3267 263 3334 torem
285 3267 385 3331 luisse
401 3265 586 3348 coniecerit,
611 3265 642 3330 ei
664 3263 771 3330 locum
795 3261 958 3348 quendam
974 3283 1148 3350 opponam,
1171 3282 1266 3346 quem
1283 3280 1325 3328 ex

159 3367 286 3436 Licinio
308 3369 444 3452 petitum
468 3385 539 3433 esse
562 3365 642 3430 mihi
666 3365 797 3449 quidem
828 3365 918 3429 nullo
947 3364 1044 3430 modo
1066 3364 1324 3448 persuadebitur.

160 3471 279 3536 Dion.
301 3470 330 3534 V
353 3471 440 3552 26,3
464 3467 550 3533 enim
573 3469 722 3550 leguntur
745 3467 843 3532 hace:
865 3467 920 3530 καὶ
944 3462 1028 3548 μετὰ
1045 3459 1141 3530 τοῦθ’
1168 3463 1201 3530 οἱ
1217 3461 1326 3548 θερά-

160 3593 283 3648 ποντες
306 3569 429 3636 πολλοὶ
450 3567 695 3645 καταλιπόντες
717 3565 796 3644 τοὺς
819 3565 989 3644 δεσπότας
1008 3560 1215 3654 ηὐτομόλουν
1244 3561 1326 3654 ὁση-

160 3677 271 3758 μέραι,
294 3673 351 3738 καὶ
367 3669 407 3736 ἐκ
429 3667 1012 3759 τοῦόημοτικοῦπλήθοοςοῖ
1035 3667 1326 3756 πονηρότατοι

161 3772 268 3861 πρὸς
303 3771 400 3850 τούς
433 3769 668 3862 Τοῤῥηνοός
698 3765 951 3859 ἀφίσταντο.
1003 3769 1127 3848 Quibus
1157 3775 1265 3839 verbis
1293 3773 1326 3838 ln

161 3877 274 3943 Livii
296 3878 479 3943 narratione
502 3876 699 3960 respondent
721 3875 803 3942 haec
818 3875 862 3950 (II
880 3879 930 3958 11,
948 3878 996 3952 bl:
1016 3867 1039 3940 ‘.
1056 3922 1063 3938 .
1081 3919 1089 3938 .
1105 3874 1139 3938 in
1154 3875 1325 3942 obsidione

162 3989 194 4046 et
215 3977 306 4046 fame
329 3979 510 4046 servitia
532 3975 669 4044 infida
684 3967 946 4060 transfugerunt'.
985 3975 1085 4041 Vides
1108 3975 1207 4060 igitur
1221 3979 1255 4042 in
1269 3997 1325 4042 an·

252 4153 275 4210 ll
295 4145 336 4202 cf.
355 4159 383 4216 p.
404 4149 500 4213 lllsq.
572 4147 597 4201 a)
617 4143 658 4198 dl.
677 4157 704 4212 p.
723 4145 843 4212 bllsqq.
