3318 4970
328 407 347 463 6
752 405 892 472 Augustus
909 401 1061 457 Junemann

325 581 510 647 Postremus
532 577 636 645 isdem
658 577 727 643 fere
748 595 824 643 usus
846 575 1043 658 argumentis
1066 594 1133 642 rem
1148 575 1309 643 uberrime
1332 582 1482 646 tractavit

325 682 419 749 Stille
432 683 464 767 ¹),
488 682 577 748 cuius
600 678 860 746 dissertationem
883 697 1003 760 quaeso
1026 677 1190 762 inspicias,
1213 678 1241 764 si
1263 697 1331 746 rem
1356 689 1478 748 contro·

325 803 452 851 versam
475 782 655 850 accuratius
678 798 872 863 cognoscere
895 779 954 845 vis.

411 882 483 963 Qua
505 886 538 950 in
560 903 595 950 re
617 880 697 948 mibi
719 883 784 948 alia
805 881 887 947 ratio
903 881 1031 947 videtur
1053 899 1124 947 esse
1148 881 1297 947 ineunda.
1335 882 1478 950 Primum

325 989 410 1053 enim
443 985 713 1068 monumentis,
748 983 869 1067 quippe
899 981 1014 1065 quibus
1048 983 1233 1049 certissimis
1262 982 1479 1053 fundamentis

324 1089 472 1174 quaestio
494 1089 628 1172 nitatur,
658 1083 925 1170 proficiscendum
949 1103 1020 1151 esse
1042 1090 1186 1168 apparet.
1232 1084 1360 1152 Deinde
1382 1107 1478 1171 quae·

325 1190 459 1256 rendum
490 1195 554 1272 est,
584 1186 663 1271 quid
690 1187 846 1270 imprimis
875 1185 1023 1268 Tacitus,
1058 1191 1093 1251 ut
1121 1191 1231 1252 auctor
1259 1189 1477 1273 gravissimus,

324 1291 502 1374 tradiderit,
525 1298 592 1356 tum
615 1289 692 1374 quid
715 1289 806 1372 Dio,
823 1288 963 1370 denique
991 1285 1069 1370 quid
1096 1287 1153 1352 alii
1175 1293 1322 1354 auctores
1351 1296 1477 1357 veteres

323 1393 472 1460 referant.
509 1393 559 1458 lta
581 1409 676 1476 spero
698 1391 768 1457 fore
789 1395 825 1456 nt
847 1389 993 1472 quaestio
1015 1388 1056 1455 de
1072 1388 1195 1472 origine
1211 1390 1349 1473 legionis
1371 1389 1477 1474 prodi·

324 1495 392 1578 gari
417 1501 449 1560 et
470 1494 514 1560 ad
536 1499 657 1561 certum
679 1490 775 1557 finem
798 1490 931 1576 perduci
953 1491 1065 1574 possit.

410 1596 516 1678 Atque
538 1601 574 1660 ut
599 1594 790 1677 incipiamus
819 1612 840 1658 a
862 1593 1091 1674 monumentis,
1121 1593 1259 1676 primum
1288 1591 1370 1659 baec
1392 1593 1478 1677 legio

323 1703 590 1764 commemoratur
612 1697 645 1760 in
667 1695 768 1760 tribus
791 1692 978 1778 diplomatis
1000 1693 1192 1760 militaribus
1202 1697 1237 1777 ²),
1265 1713 1348 1777 quae
1378 1701 1411 1761 et
1435 1694 1478 1761 ad

323 1801 479 1882 originem
510 1795 766 1880 investigandam
796 1801 828 1860 ct
849 1794 891 1861 ad
915 1800 1075 1880 tempora,
1105 1796 1220 1878 quibus
1243 1797 1415 1863 constituta
1437 1799 1479 1864 sit

323 1903 420 1986 legio,
436 1899 620 1968 definienda
635 1917 674 1965 eo
689 1897 820 1964 maioris
835 1896 931 1979 pretii
948 1903 1030 1978 sunt,
1053 1897 1138 1980 quod
1162 1903 1195 1964 et
1209 1917 1326 1964 nomen
1342 1899 1479 1984 impera·

322 2005 401 2071 toris
424 2002 549 2068 Galbae
572 2007 604 2066 et
627 1999 773 2066 consules
796 2004 828 2064 et
849 1998 954 2080 ipsum
978 1997 1074 2082 diem,
1098 2019 1161 2082 quo
1184 2001 1330 2066 veterani
1352 1999 1477 2067 dimissi

323 2106 401 2188 sint,
432 2103 508 2171 inde
537 2103 701 2168 discimus.
745 2101 831 2166 Data
860 2105 933 2165 sunt
962 2101 1047 2166 enim
1076 2101 1256 2184 diplomata
1285 2108 1360 2168 ante
1390 2103 1476 2169 diem

323 2205 381 2272 XI.
404 2207 478 2272 Kal.
501 2206 569 2271 Ian.
593 2203 628 2270 0.
646 2203 770 2270 Bellico
792 2202 909 2268 Natale
931 2202 967 2266 P.
985 2201 1135 2270 Cornelio
1158 2202 1311 2286 Scipione
1333 2203 1477 2270 Asiatico

323 2328 399 2391 cos,
421 2308 442 2372 i.
460 2326 487 2373 e.
510 2306 564 2372 die
587 2307 638 2370 22.
661 2325 703 2370 m.
719 2305 797 2369 Dec.
820 2324 849 2369 a.
864 2323 895 2387 p.
912 2302 985 2369 Ohr.
1009 2310 1073 2370 nat.
1091 2307 1147 2389 683
1170 2306 1274 2388 iisque
1291 2305 1477 2390 diplomatis

324 2409 499 2494 „veterani
523 2409 577 2492 qni
593 2407 813 2473 militaverunt
828 2405 860 2470 in
876 2406 1006 2488 legione
1020 2406 1045 2471 I.
1062 2406 1239 2484 Adiutrice,
1263 2413 1295 2474 et
1311 2404 1477 2477 honestam

323 2511 509 2577 missionem
538 2510 773 2592 conubiumque
803 2514 835 2574 et
863 2504 1049 2574 civitatem“
1079 2515 1280 2591 aeceperunt.
1330 2507 1476 2576 Exeunte

322 2612 420 2694 igitur
442 2613 498 2678 illo
527 2632 629 2694 anno,
662 2629 725 2693 quo
748 2609 835 2676 Nero
857 2609 900 2675 de
928 2610 1030 2675 salute
1057 2608 1232 2695 desperans
1255 2617 1390 2676 mortem
1414 2611 1476 2678 sibi

322 2713 532 2788 consciverat,
555 2719 588 2778 et
602 2712 709 2780 Galba
730 2711 772 2777 ab
795 2711 939 2778 exercitu
962 2711 1136 2795 imperator
1157 2713 1374 2796 proclamatus
1398 2721 1475 2797 erat,

322 2815 482 2898 legionem
505 2814 530 2878 1.
546 2813 746 2880 Adiutricem
761 2813 826 2878 iam
842 2813 1004 2879 exstitisse
1021 2833 1060 2878 ex
1077 2814 1156 2896 ipsis
1172 2813 1352 2881 tabularum
1368 2815 1476 2882 verbis

322 2915 554 2998 cognoscimus.
591 2915 642 2980 Ex
665 2933 704 2980 co
726 2920 833 2980 autem
856 2913 944 2997 quod
966 2914 1072 2980 Galba
1094 2916 1255 2982 veteranis
1278 2918 1375 2983 etiam
1398 2919 1475 2984 civi·

321 3022 420 3082 tatem
433 3015 532 3098 dedit,
549 3016 693 3097 eflicitur,
711 3016 829 3082 milites
841 3017 906 3081 illis
919 3017 1115 3099 temporibus
1131 3018 1164 3082 in
1176 3018 1303 3102 legione
1315 3019 1475 3102 stipendia

322 3124 483 3185 merentes
505 3118 583 3183 iuris
612 3117 775 3202 peregrini
804 3117 912 3184 fnisse.
958 3116 1024 3183 Sed
1047 3138 1119 3185 cum
1148 3138 1258 3186 omnes
1281 3120 1475 3202 legionarios
1511 3149 1513 3152 ·

321 3222 409 3288 cives
438 3220 599 3286 Romanos
627 3218 727 3284 fuisse
757 3224 880 3285 constet
889 3221 928 3303 ³),
957 3219 1065 3288 facere
1092 3240 1156 3286 non
1184 3241 1370 3305 possumus,
1400 3223 1476 3304 quin

321 3323 511 3388 Mommseni
523 3321 584 3385 viri
597 3319 773 3386 doctissimi
787 3322 977 3387 sententiam
990 3340 1161 3404 sequamur
1172 3324 1314 3406 putantis
1324 3323 1348 3404 4)
1362 3324 1475 3389 eadem

322 3525 484 3608 peregrini
513 3526 546 3590 in
576 3525 705 3608 legione
733 3523 967 3608 retinebantur,
999 3527 1162 3592 civitatem
1194 3526 1371 3592 Romanam
1405 3544 1476 3593 esse

323 3633 519 3692 consecutos.

410 3813 432 3875 1)
450 3808 571 3863 Historia
593 3808 727 3876 legionum
753 3809 968 3877 auxiliorumque
994 3807 1058 3864 inde
1086 3809 1122 3864 ab
1147 3824 1260 3865 excessu
1282 3809 1336 3865 diri
1359 3809 1477 3878 Augusti

321 3893 459 3962 usquead
477 3893 637 3962 Vespasiani
654 3898 786 3964 tempora.
823 3894 888 3949 diss.
908 3893 961 3950 Kil.
982 3897 1055 3949 1877.
1074 3910 1102 3964 p.
1116 3898 1174 3950 112.

407 3981 432 4045 2)
450 3977 485 4032 D.
502 3977 549 4032 IV.
567 3983 594 4032 ot
611 3979 744 4034 V.=111
756 3996 782 4048 p.
798 3983 855 4046 847,
874 3982 937 4048 8483
958 3979 992 4034 D.
1007 3978 1209 4050 LIX.=-Eph.
1229 3980 1313 4050 epigr.
1332 3979 1357 4033 11
1375 3995 1402 4048 p.
1417 3983 1476 4036 456.

408 4067 433 4130 3)
453 4061 488 4120 cl.
507 4062 675 4132 Marquardt,
689 4059 780 4121 ‘Rom
799 4057 978 4120 Staatsueru.’
998 4064 1159 4133 lupeno,
1179 4071 1228 4120 540
1247 4065 1309 4120 adn.
1328 4068 1351 4120 8.

408 4151 434 4214 4)
452 4147 486 4202 cf.
506 4148 573 4204 011..
592 4149 633 4203 111
650 4163 678 4218 p.
693 4152 751 4204 907.
772 4181 803 4189 —
823 4148 948 4205 Ceterum
967 4149 1002 4205 cf.
1022 4149 1097 4204 infra
1114 4166 1142 4220 p.
1163 4155 1204 4207 19.
1223 4151 1285 4207 adn.
1299 4155 1324 4206 2.
