3134 4986
479 389 656 458 Quaauonca
675 389 879 446 Positonlanae.
1005 445 1008 450 ,
1199 388 1264 448 uto

190 561 306 628 Exstat
333 560 422 646 apud
443 561 605 629 Achillem
632 581 727 644 quem
750 563 925 629 maximam
947 568 1072 646 partem
1095 562 1264 629 Posidoni-

103 683 168 731 ana
197 662 352 730 exhibere
381 671 507 732 constat
527 662 579 741 (cf.
604 664 721 730 Dielsii
740 657 914 746 ‘Doxogr.'
939 666 1106 747 p.19sqq.
1128 671 1162 730 et
1184 664 1264 732 diss.

102 771 233 832 nostrae
255 785 326 850 cap.
348 766 392 842 II)
413 767 577 836 luculenta
604 767 835 832 vocabulorum
864 769 1015 847 μετέωρα
1045 773 1077 831 et
1098 762 1265 850 μετάρσια

102 865 249 932 definitio
265 865 360 934 haee:
377 866 532 953 διαφέρει
546 871 737 950 μεταρσίων
748 868 918 949 μετέωρα·
939 858 1016 952 ᾖτὰ
1034 865 1095 949 μὲν
1111 869 1264 950 μετέωρα

102 964 138 1032 ἓν
160 957 292 1052 οδρανῴ
318 970 375 1034 καὶ
398 967 516 1054 αἰθέρι
538 967 643 1036 ἐστίν·
672 965 718 1044 ὥς
740 960 834 1054 ἥλιος
854 969 912 1034 καὶ
933 963 976 1032 τὰ
1000 963 1105 1033 λοιπὰ
1127 969 1184 1033 καὶ
1206 963 1264 1034 οδε

101 1065 204 1151 ρανός
229 1070 285 1136 καὶ
308 1068 423 1155 αἰθήρ.
468 1069 634 1155 μετάρσια
657 1066 757 1136 δὲτὰ
779 1067 903 1153 μεταξὺ
924 1071 984 1135 τοῦ
1007 1061 1105 1154 ἀέρος
1126 1071 1183 1134 καὶ
1204 1079 1265 1155 τῆς

96 1173 176 1258 γῆς·
201 1168 273 1236 οἷον
289 1165 415 1254 ἄνεμοι,
432 1173 580 1260 νεφέλαι,
596 1167 728 1256 ὄμβροι,
745 1169 929 1257 ἀστραπαί,
944 1176 1094 1256 βρονταί,
1108 1173 1263 1260 κομῆται,

101 1270 241 1351 noallac,
264 1279 451 1358 ντιογωνίαι,
471 1272 656 1357 λαμπάδες,
672 1273 787 1358 ἰ’ριδες,
803 1265 920 1353 ἅλωος,
937 1272 1137 1360 διᾴττοντες,
1153 1271 1265 1358 ῥομοί,

99 1366 228 1460 ρύακες.
287 1374 459 1454 Quaeritur
494 1377 575 1444 haec
603 1377 750 1444 definitio
782 1377 825 1444 ad
857 1376 1110 1444 Posidoniumne
1143 1378 1265 1443 reverti

99 1478 268 1561 videatur,
298 1479 392 1544 sicuti
413 1481 531 1546 multas
553 1481 635 1546 alias
658 1499 742 1564 quae
764 1479 853 1564 apud
869 1478 1031 1545 Achillem
1049 1479 1199 1562 leguntur
1219 1477 1264 1544 ad

97 1598 174 1644 enm
203 1579 311 1646 redire
332 1588 458 1647 constat
479 1583 531 1660 (ci.
555 1603 606 1649 ex.
631 1603 658 1648 c.
681 1602 713 1665 p.
738 1585 778 1648 78
798 1575 920 1648 ‘Uram’
945 1580 1039 1663 Pet),
1062 1599 1105 1646 an
1130 1579 1263 1646 aliunde

99 1686 229 1762 sumpta
252 1681 302 1747 sit.
337 1681 428 1760 Quae
447 1684 578 1768 siapud
593 1685 692 1750 alium
708 1685 898 1767 scriptorem
913 1683 1047 1749 recurrit
1061 1700 1157 1764 quem
1173 1682 1262 1751 Pusi-

98 1781 259 1848 doniauas
292 1785 455 1852 rettulime
474 1769 663 1852 sentedtias
698 1787 902 1870 exploratum
937 1791 1002 1864 est,
1039 1785 1263 1866 quaestionem

99 1881 304 1966 profligatam
328 1905 454 1952 censeo.
499 1886 548 1952 Αο
569 1887 644 1953 talis
666 1887 775 1954 adest:
802 1887 937 1968 Seneca,
961 1905 1057 1968 quem
1076 1878 1264 1953 ‘Naturales

100 1981 322 2063 Quaestiunes’
354 2006 396 2052 ex
418 1989 651 2070 Asclepiodoto
673 1989 846 2056 Nicaeensi
868 1987 1089 2054 Posidoniana
1116 1987 1264 2054 doctrina

99 2088 266 2154 retorsisse
289 2089 407 2155 scimus
435 2087 488 2166 (ci.
512 2090 628 2156 Dielsii
645 2087 814 2174 ‘Doxogn'
839 2111 871 2174 p.
892 2093 929 2154 19
954 2096 986 2156 et
1009 2091 1093 2166 225).
1138 2089 1264 2158 Seneca

98 2189 198 2271 igitur
212 2190 233 2254 l.
250 2191 271 2255 l.
287 2190 320 2254 II
339 2195 365 2255 1.
380 2195 474 2273 lsqq.
491 2192 538 2258 sic
554 2191 728 2275 disceptat:
746 2185 864 2258 ‘omnis
879 2191 921 2256 de
941 2192 1093 2258 universo
1116 2194 1263 2274 quaestio

99 2292 134 2356 in
165 2293 384 2374 caelestia,
413 2293 624 2376 sublimia,
653 2299 817 2360 terrena
847 2291 1010 2358 dividitur.
1029 2289 1040 2374 ΙΙ
1056 2293 1166 2358 Prima
1188 2315 1265 2376 pars

99 2398 247 2460 naturam
269 2393 412 2460 siderum
434 2399 593 2460 scrutatur
614 2402 648 2461 et
669 2393 923 2478 magnitudinem
941 2399 975 2459 et
989 2393 1125 2459 formam
1140 2396 1263 2479 ignium

100 2495 218 2578 quibus
230 2494 367 2562 mundus
380 2494 563 2580 includitur,
575 2494 757 2562 solidumne
769 2496 811 2563 sit
822 2496 948 2562 caelum
960 2515 999 2562 ac
1010 2495 1122 2561 firmae
1134 2517 1263 2564 concre-

99 2603 218 2678 tueque
241 2597 395 2666 materiae
417 2617 460 2664 an
482 2616 525 2664 ex
546 2597 657 2664 subtili
671 2597 824 2680 tenuique
839 2616 967 2679 nexum,
990 2604 1161 2678 agatur-an
1175 2607 1262 2682 agat,

99 2704 134 2764 et
160 2699 244 2762 inira
265 2717 337 2764 sese
360 2698 468 2766 sidera
491 2697 610 2765 lrabeat
631 2719 673 2764 an
695 2700 729 2764 in
752 2704 904 2766 contextu
929 2700 980 2765 sui
1001 2698 1077 2782 fixa,
1101 2702 1263 2783 quemad

98 2799 231 2866 modum
254 2801 330 2864 anni
352 2801 441 2866 vices
461 2807 581 2882 servet,
605 2803 706 2868 solem
729 2807 815 2866 retro
836 2799 956 2884 flectat,-
977 2807 1085 2867 cetera
1107 2803 1263 2888 deinceps

99 2901 229 2968 similia.
247 2897 258 2982 ΙΙ
275 2899 426 2968 Secunda
439 2921 516 2986 pars
531 2909 648 2970 tractat
662 2904 745 2970 inter
756 2904 882 2969 caelum
894 2910 1076 2986 terramque
1088 2907 1261 2972 versantia.

99 3003 164 3068 Hic
186 3009 259 3068 sunt
281 3004 402 3087 nubila,
425 3005 555 3086 imbres,
578 3005 681 3086 nives,
705 3013 809 3072 terrae
832 3011 946 3077 motus,
969 3004 1112 3087 fulgores

318 3097 374 3168 ‘Et
396 3104 552 3172 humanas
574 3114 700 3172 motura
722 3108 862 3173 tonitrua
884 3099 1035 3188 mentes',

98 3224 322 3288 quaecumque
337 3225 395 3272 aer
408 3206 486 3272 iacit
495 3208 667 3290 patiturve.
683 3209 774 3274 Haec
785 3209 937 3276 sublimia
946 3210 1093 3294 dicimus,
1106 3214 1183 3294 quia
1195 3212 1262 3278 edi·

98 3309 184 3373 tiora
198 3308 271 3373 imis
287 3315 368 3374 sunt.
386 3305 397 3390 ΙΙ
414 3307 525 3374 Tertia
540 3312 597 3376 illa
613 3331 687 3395 pars
703 3311 744 3376 de
756 3312 849 3393 aquis
861 3317 894 3376 et
906 3331 937 3395 q.
950 3307 984 3378 s.'
1009 3313 1190 3379 Gonccutus
1206 3317 1262 3397 qui

98 3409 262 3476 Achillem
290 3411 373 3474 inter
396 3414 428 3474 et
450 3407 607 3476 Senecam
631 3411 801 3478 intercedit
823 3421 889 3478 tam
912 3415 1109 3480 manufestus
1133 3421 1196 3497 est,
1228 3423 1263 3482 ut

91 3531 185 3594 ,quae
207 3513 260 3578 isti
281 3511 453 3593 scriptores
469 3519 633 3592 exponunt
647 3511 691 3577 ad
706 3533 907 3581 communem
922 3515 1123 3582 fontem'non
1137 3519 1263 3600 possint

98 3632 165 3680 non
193 3612 309 3678 redire.
354 3612 416 3678 Hic
444 3621 553 3679 autem
581 3633 640 3696 pru
669 3634 704 3680 re
733 3623 810 3682 nata
838 3637 933 3686 nemo
955 3619 1039 3685 alius
1060 3639 1133 3685 esse
1152 3626 1263 3703 potest

97 3715 163 3780 nisi
185 3713 388 3781 Posidonius.
433 3713 528 3792 Quod
559 3736 655 3799 quam
683 3725 772 3782 recte
793 3739 814 3782 a
835 3720 928 3784 nobis
951 3727 1104 3784 statutum
1127 3723 1183 3806 sit,
1214 3725 1261 3790 eis

98 3834 229 3899 quoqne
258 3834 341 3899 quae
373 3818 461 3902 apud
490 3815 647 3882 Senecam
681 3818 901 3886 definitionem
935 3841 1033 3904 supra
1066 3825 1261 3906 exscriptam

98 3925 250 3984 secuntur
278 3919 373 4002 eique
402 3919 628 4004 explanandae
656 3921 835 3988 inserviunt
863 3924 1042 3990 clarissime
1072 3923 1260 3992 ostenditur.

97 4019 208 4086 Primo
224 4040 301 4086 sane
317 4019 472 4103 adspectu
487 4023 602 4086 mirum
618 4023 723 4088 videri
739 4023 846 4104 debet,
863 4024 950 4107 quod
966 4023 1092 4092 Seneca
1107 4035 1262 4094 terrarum

97 4129 205 4188 motus
228 4121 309 4189 inter
332 4123 484 4188 sublimia
505 4125 636 4190 rettulit.
681 4125 829 4208 Namque
852 4125 896 4205 hi,
923 4134 957 4192 nt
979 4148 1038 4196 nos
1061 4136 1261 4213 compertum

101 4227 104 4231 '
149 4227 263 4282 Leipzlger
276 4228 377 4272 Studien.
399 4229 474 4272 XVII.
1023 4230 1056 4279 24
