3318 4970
326 397 366 457 36
750 392 890 460 Augustus
908 389 1060 446 Junemann

324 572 416 640 latim
439 570 585 653 legiones
607 566 650 632 ad
673 564 852 650 pacandam
874 565 1015 630 Galliam
1038 563 1311 646 Germaniamque
1334 581 1482 629 evocare.

325 673 439 740 Givilis
463 671 557 753 enim,
587 669 655 735 dux
676 669 883 750 Batavorum,
913 665 1009 734 homo
1037 665 1124 733 haud
1153 664 1336 750 spernenda
1364 665 1484 732 virtute

325 782 358 841 et
374 773 514 840 mirabili
530 772 670 855 ingenio,
693 771 814 854 quippe
837 769 892 852 qui
908 769 972 835 iam
988 769 1107 835 dudum
1123 789 1225 836 novas
1240 787 1292 834 res
1308 767 1482 848 moliretur,

324 875 490 962 prosperis
512 873 609 940 rebus
631 891 785 939 accensus
808 891 872 937 non
895 872 998 938 solum
1021 877 1120 937 totam
1144 871 1350 938 Germaniam
1375 875 1484 936 contra

324 978 495 1062 imperium
519 976 698 1041 Romanum
728 975 912 1054 concitavit,
942 973 1000 1039 aed
1029 975 1125 1039 etiam
1148 973 1283 1055 Gallias,
1314 993 1397 1058 quae
1425 991 1484 1056 per

324 1086 372 1146 tot
393 1098 494 1145 annos
516 1076 612 1143 fidem
636 1096 714 1159 erga
735 1077 890 1161 populum
907 1077 1086 1142 Romanum
1110 1096 1174 1143 non
1190 1081 1403 1156 mutaverant,
1426 1074 1482 1139 ab·

325 1182 469 1248 alienare
492 1179 622 1246 studuit.
654 1177 739 1257 Quin
762 1180 858 1244 etiam
875 1179 1041 1244 Romanae
1063 1196 1191 1261 quoque
1214 1179 1360 1261 legiones
1383 1182 1482 1242 tenta·

324 1283 450 1348 bantur.
494 1281 542 1348 Ac
565 1281 705 1364 denique
728 1299 779 1347 res
802 1300 841 1346 eo
863 1280 1021 1364 pervenit,
1051 1285 1095 1362 ut,
1119 1300 1190 1347 cum
1214 1281 1247 1344 in
1269 1281 1365 1346 Italia
1387 1279 1484 1344 robur

325 1385 485 1452 exercitus
525 1383 709 1450 Germanici
750 1383 896 1464 abesset,
936 1381 991 1447 ille
1024 1381 1066 1446 ad
1101 1380 1206 1448 Rheni
1239 1382 1327 1464 ripas
1360 1399 1485 1447 summa

324 1505 430 1553 rerum
452 1485 549 1569 potiri
571 1484 719 1550 auderet:
743 1484 837 1550 urbes
860 1484 1013 1550 Romanis
1036 1482 1245 1550 fidelissimae
1269 1489 1482 1567 expugnatae,

325 1595 431 1655 castra
457 1587 618 1669 legionem
648 1586 755 1651 diruta
784 1591 873 1668 sunt;
906 1586 1050 1668 legiones
1079 1587 1170 1669 ipsae
1199 1586 1316 1670 partim
1345 1585 1483 1667 occisae,

324 1690 442 1774 partim
465 1708 524 1772 pro
548 1687 726 1753 Galliarum
750 1687 887 1770 imperio
910 1694 1111 1753 sacramento
1140 1707 1175 1753 se
1197 1686 1330 1770 adigere
1353 1693 1484 1754 coactae

326 1797 409 1858 sunt.
455 1788 562 1867 Quare
586 1809 656 1855 curn
681 1789 789 1854 omnia
811 1788 894 1854 adeo
918 1789 1045 1854 turbata
1066 1809 1106 1856 ao
1124 1791 1225 1854 mixta
1248 1795 1363 1871 essent,
1388 1809 1484 1872 quam

326 1893 494 1960 celerrime
522 1891 556 1956 vi
585 1910 624 1956 ac
653 1910 748 1955 manu
771 1891 804 1956 in
834 1889 1006 1957 seditiosos
1027 1891 1165 1974 populos
1189 1898 1221 1958 et
1243 1892 1388 1974 legiones
1412 1911 1484 1958 ocn-

326 1995 388 2061 snli
411 2001 508 2077 atque
530 1993 753 2058 auctoritatem
771 1993 909 2059 nominis
931 1994 1042 2076 populi
1059 1992 1196 2060 Romani
1212 1994 1336 2060 restitui
1352 2013 1485 2060 necesse

327 2103 405 2162 erat.
450 2094 621 2173 Quaeres
650 2101 685 2160 ut
715 2095 868 2162 Romanis
902 2114 1056 2178 prospere
1091 2095 1289 2179 succederet,
1323 2096 1486 2162 maximae

326 2199 441 2280 copiae
464 2215 544 2282 opus
568 2202 667 2262 erant.

411 2299 472 2365 His
487 2299 556 2365 fere
572 2298 748 2364 rationibus
763 2297 964 2380 adducimur,
988 2307 1031 2382 ut,
1056 2300 1110 2382 qui
1131 2305 1198 2364 tum
1216 2301 1339 2366 Romae
1354 2305 1485 2366 auctore

328 2401 529 2485 Vespasiano
546 2419 689 2467 summae
705 2419 811 2465 rerum
827 2407 984 2482 praeerat,
1008 2401 1190 2466 Mucianum
1207 2402 1314 2466 statim
1336 2402 1377 2466 ab
1393 2400 1485 2465 initio

327 2503 405 2570 satis
428 2503 544 2569 multas
567 2501 720 2584 legiones,
744 2501 851 2584 quoad
878 2507 1004 2568 ceterae
1026 2503 1213 2585 provinciae
1236 2503 1400 2586 praesidio
1417 2503 1484 2568 sine

327 2606 471 2688 periculo
495 2624 604 2672 carere
626 2611 767 2688 possent,
796 2603 839 2669 ad
868 2603 990 2669 bellum
1013 2604 1201 2671 Batavicum
1223 2606 1349 2672 misisse
1373 2603 1484 2670 creda·

327 2726 407 2772 mus.
452 2707 557 2774 Unam
593 2725 669 2788 crgo
702 2705 863 2788 legionem
896 2713 1009 2790 postea
1040 2727 1082 2772 ex
1105 2707 1264 2791 Hispania
1292 2706 1485 2772 submissam

328 2828 399 2875 esse
422 2809 456 2873 in
471 2807 678 2874 Germaniam
700 2809 843 2891 cogitare
866 2809 923 2872 vix
945 2809 1030 2892 licet,
1054 2809 1081 2874 si
1104 2808 1200 2875 modo
1224 2809 1384 2876 destinata
1407 2812 1484 2890 erat,
1514 2799 1522 2814 ‘

328 2931 413 2994 quae
435 2911 483 2976 illi
506 2911 594 2978 bello
616 2911 795 2976 interesset.

416 3013 457 3078 Et
493 3014 654 3096 legionem
687 3013 729 3077 X.
763 3011 932 3078 Geminam
965 3030 1080 3078 revera
1112 3011 1306 3079 Germaniae
1343 3011 1487 3078 inferiori

327 3117 516 3183 attributam
548 3116 657 3198 luisse,
692 3134 733 3180 ex
766 3114 831 3179 illis
860 3115 966 3180 Taciti
998 3114 1117 3198 verbis,
1152 3133 1235 3198 quae
1264 3133 1362 3198 supra
1390 3134 1422 3197 p.
1446 3115 1486 3176 35

327 3218 402 3284 adn.
427 3221 445 3281 6
469 3217 611 3298 laudavi,
641 3221 786 3298 apparet.
832 3213 939 3292 Quare
968 3216 1083 3283 eodem
1111 3223 1256 3300 tempore
1279 3236 1342 3298 quo
1365 3222 1488 3282 ceteras

328 3321 426 3385 etiam
448 3320 610 3404 legionem
632 3318 665 3382 X
680 3317 848 3383 Geminam
871 3317 914 3382 ad
936 3319 1057 3384 bellum
1072 3317 1297 3385 Germanicum
1322 3323 1489 3382 evocatam

328 3440 400 3487 esse
423 3419 503 3484 mihi
526 3419 656 3502 quidem
679 3438 866 3502 persuasum
890 3426 946 3486 est.

415 3522 465 3586 Ex
487 3523 591 3588 altera
612 3527 720 3586 autem
741 3527 833 3605 parte
856 3541 965 3589 omnes
987 3527 1051 3589 tres
1074 3523 1229 3606 legiones,
1259 3539 1343 3604 quae
1365 3528 1432 3586 tum
1454 3520 1488 3584 in

328 3623 499 3706 provincia
522 3624 699 3690 collocatae
730 3631 830 3706 erant,
858 3624 901 3691 ad
930 3626 1050 3692 bellum
1079 3630 1190 3690 contra
1212 3623 1349 3690 Givilem
1375 3641 1486 3706 geren·

328 3723 406 3790 dum
428 3726 549 3792 accitas
573 3745 644 3792 esse
666 3725 736 3791 veri
759 3726 863 3793 simile
886 3745 957 3794 esse
979 3746 1072 3810 nego.
1102 3727 1186 3792 Nam
1201 3731 1372 3810 postquam
1387 3723 1489 3789 initiis

327 3827 528 3910 principatus
556 3829 670 3910 gravia
699 3833 730 3892 et
760 3827 910 3894 diuturna
938 3829 1026 3895 bella
1054 3834 1165 3894 contra
1187 3829 1320 3895 Astures
1350 3833 1382 3894 et
1405 3825 1488 3892 Gan·

328 3928 440 3994 tabros
462 3934 555 4012 gesta
576 3935 658 4012 sunt,
680 3929 845 4013 Augustus
869 3931 939 4013 ipse
963 3929 1093 3996 tandem
1116 3951 1187 3996 eam
1203 3931 1379 4014 regionem,
1404 3945 1489 4012 quae

328 4029 413 4095 inter
434 4031 667 4113 septentriones
690 4038 722 4098 et
744 4051 894 4100 occasum
922 4031 999 4099 solis
1022 4038 1155 4115 spectat,
1185 4033 1219 4097 in
1248 4031 1408 4098 dicionem
1430 4049 1487 4114 po-

329 4133 397 4214 puli
420 4133 554 4200 Romani
577 4133 711 4217 redegit.
756 4133 823 4200 Sed
846 4153 886 4200 ne
909 4134 996 4200 victa
1018 4133 1148 4216 quidem
1165 4133 1324 4218 Hispania
1346 4151 1488 4216 unquam
