3282 4968
425 364 467 419 De
483 364 589 434 legione
606 363 792 420 Romanorum
809 365 832 420 I.
851 363 1000 419 Adiutrice.
1243 364 1304 423 137

37 598 38 610 .
151 540 319 604 Praeterea
333 538 456 604 alarum
472 537 685 622 Illyricamm,
705 537 879 620 exquibus
895 537 929 602 in
943 535 1145 603 Mauretania
1159 540 1305 604 veterani

37 651 38 654 ’
151 642 282 708 fortasse
305 640 431 707 dimissi
453 659 517 706 nen
540 646 622 723 sunt,
646 639 722 706 huic
742 637 943 722 expeditioni
966 639 1150 706 interfuisse
1171 641 1258 706 alam
1280 642 1305 706 Ι.
1330 695 1336 708 .

152 743 277 827 Ulpiam
293 740 515 808 Gontariornm
532 741 718 808 Pannoniae
735 741 909 825 superioris
932 747 966 808 41
986 718 1073 806 alam
1088 741 1306 809 Britannicam

151 852 330 911 veteranam
352 844 393 922 (1)
424 844 610 910 Ρ44444144
638 841 799 910 inferioris
828 843 927 922 (VIII.
959 846 1054 921 9764)
1083 863 1182 929 snpra
1208 865 1240 928 p.
1264 847 1305 909 86

152 948 353 1025 4141414441)

232 1049 360 1115 Deinde
375 1067 447 1116 cum
462 1069 504 1115 ex
518 1067 651 1115 numero
666 1049 756 1114 XIII.
770 1047 960 1116 tribuniciae
976 1051 1128 1134 potestati
1143 1049 1307 1134 adscripto

150 1171 249 1218 annus
272 1151 459 1234 diplomatis
482 1159 610 1218 eruatur
632 1153 687 1228 (=
702 1171 731 1217 a.
751 1156 821 1216 150.
837 1171 869 1234 p.
886 1150 960 1218 Chr.
976 1153 1030 1234 4.),
1060 1153 1159 1218 41144
1180 1159 1307 1236 tempus

152 1255 236 1320 illius
260 1254 476 1337 expeditIonIa
499 1256 679 1320 accuratius
703 1253 838 1320 definire
859 1273 1040 1338 possumus.
1085 1254 1213 1321 Etenim
1235 1275 1308 1321 cnm

150 1357 271 1422 alarum
294 1357 508 1440 lllyricarum,
539 1376 675 1439 quarum
698 1357 927 1424 vexillationes
956 1362 1024 1422 tum
1053 1358 1086 1422 in
1108 1358 1308 1424 Mauretania

151 1457 354 1525 Caesariensi
375 1459 596 1542 versabantur,
627 1459 774 1526 veterani
804 1459 913 1525 medio
936 1479 1021 1525 anno
1046 1459 1310 1526 1511444444

150 1563 336 1628 missionem
364 1563 562 1646 cecinerant,
592 1561 730 1627 Romani
759 1561 876 1628 eodem
904 1581 989 1628 anno
1011 1563 1140 1629 Mauros
1169 1563 1234 1628 iam
1263 1563 1310 1629 ita

151 1663 310 1732 devicisse
332 1670 430 1747 atquc
454 1683 472 1730 e
493 1663 611 1730 finibus
633 1665 700 1731 suis
721 1663 886 1748 depulisse
909 1663 1069 1748 videntur,
1091 1670 1128 1730 ut
1141 1665 1183 1732 ab
1199 1683 1309 1731 eornm

150 1766 386 1834 incursionibus
402 1765 484 1833 hane
499 1768 700 1850 provinciam
711 1773 812 1833 tutam
824 1765 1006 1834 redderent.
1036 1767 1099 1834 Per
1108 1767 1190 1833 duos
1202 1775 1310 1833 antem

151 1869 203 1934 vel
216 1875 282 1935 tres
293 1887 395 1934 annos
407 1869 624 1935 Romanorum
637 1870 749 1953 coplas
760 1875 872 1936 contra
883 1869 1056 1936 seditiosos
1067 1868 1177 1936 hostes
1188 1889 1311 1952 pugna·

151 1973 239 2038 visse
254 1970 458 2055 crediderim,
474 1973 665 2056 praesertim
682 1991 755 2038 cum
766 1972 895 2038 Mauros
910 1977 1012 2037 totam
1027 1973 1312 2056 septentrionalem

151 2080 278 2156 partem
300 2073 430 2140 Africae
459 2085 526 2139 tum
556 2075 716 2141 invasisse
746 2075 921 2141 memoriae
943 2074 1107 2158 proditum
1129 2075 1180 2140 sit.
1225 2075 1311 2158 Ergo

150 2175 281 2242 Mauros
304 2176 392 2242 eirca
413 2195 515 2242 annos
536 2176 730 2255 roetelein
744 2177 977 2242 Mauretaniam
993 2177 1215 2259 penetravisse
1233 2183 1312 2260 puto

151 2279 262 2363 itaque
286 2277 401 2345 eodem
423 2284 569 2362 tempore
591 2280 821 2345 vexillationes
850 2280 1012 2344 exercitus
1033 2279 1156 2361 Mlyriei
1178 2286 1212 2345 et
1233 2279 1312 2346 Ger·

151 2382 272 2448 manici
295 2400 334 2447 eo
357 2382 476 2447 missae
499 2387 581 2448 sunt.
616 2381 669 2446 Ad
685 2400 781 2464 quam
798 2383 989 2448 sententiam
1012 2381 1131 2463 optime
1155 2381 1315 2464 quadrant

151 2502 201 2565 ea,
219 2503 305 2567 qnae
320 2484 454 2550 Porcius
466 2483 652 2550 Vetustinns
667 2488 856 2565 procurator
870 2483 913 2548 ad
928 2483 964 2547 L.
977 2483 1118 2548 NovIum
1130 2482 1314 2566 Crispinum

151 2587 299 2670 scripsit,
331 2605 425 2668 quem
455 2588 548 2652 annis
573 2585 719 2664 1471149.
743 2587 885 2667 legatum
907 2585 1045 2668 legionis
1069 2586 1126 2651 III.
1148 2588 1316 2670 Augustae

151 2692 255 2757 141444
285 2695 318 2754 41
339 2689 480 2754 Nonium
503 2689 665 2754 Donatum
688 2688 874 2754 libratorem
897 2695 1106 2772 procuratore
1128 2689 1315 2772 provinciae

151 2792 310 2858 finitimae
325 2791 368 2856 ad
383 2791 566 2858 cuniculum
581 2790 763 2856 ducendum
779 2791 906 2856 misisse
922 2797 1055 2858 constat.
1082 2791 1192 2858 Verba
1206 2798 1315 2858 antem

152 2896 186 2960 in
203 2895 300 2961 titulo
316 2891 402 2958 VIII.
419 2895 502 2957 2728
519 2899 649 2960 servata
664 2899 738 2958 4441
753 2892 850 2959 baec:
863 2886 925 2958 ‘Mt
939 2893 1052 2975 ideo,
1076 2912 1316 2977 quamquam

152 3004 340 3079 tempore
368 3013 568 3078 arguerer
591 3003 630 3061 41
651 2993 897 3062 Caesaream
918 2997 1179 3078 festinarem,
1208 3004 1316 3063 tamen

152 3098 277 3166 Saldae
292 3099 460 3164 excucurri
476 3103 508 3162 41
523 3117 627 3180 aquae
650 3097 780 3163 ductum
803 3098 885 3163 bene
908 3096 1102 3180 inchoatum,
1126 3098 1185 3164 sed
1206 3100 1316 3181 magni

153 3200 267 3284 operis
295 3199 424 3281 inspexi
454 3207 485 3263 41
514 3198 600 3282 quod
629 3199 757 3265 absolvi
779 3199 849 3265 sine
872 3218 981 3265 coram
1002 3199 1088 3264 Noni
1111 3199 1231 3266 Donati
1253 3220 1317 3268 non

152 3308 275 3387 potest,
299 3302 354 3383 qni
375 3301 401 3366 it
423 3301 516 3366 simul
540 3301 712 3384 diligenter
734 3308 767 3367 et
788 3300 928 3367 fideliter
949 3291 1116 3368 tractavit?

156 3453 367 3464 .—-—-—

155 3537 299 3594 vexillatio
319 3537 377 3591 eius
396 3531 455 3592 alae'
467 3535 581 3590 Romam
593 3534 704 3599 venerit,
723 3549 793 3602 quae
810 3534 848 3588 ibi
860 3550 936 3590 aram
948 3535 1006 3590 Iovi
1019 3533 1152 3592 dedicavit
1164 3535 1209 3601 (41.
1223 3537 1319 3594 (114144-

153 3626 225 3688 rius,
237 3619 348 3692 ‘Panlys
360 3613 565 3690 Real-lincycl.'
577 3620 603 3672 1¹
615 3635 642 3688 p.
654 3622 741 3686 1151).
765 3619 810 3672 Ex
821 3619 919 3674 cestrIs
930 3621 1010 3687 enim,
1029 3635 1099 3688 quae
1111 3625 1317 3688 consueverant,

154 3713 185 3766 et
204 3725 221 3764 e
239 3706 380 3778 provincia
397 3719 449 3760 sna
466 3705 541 3759 missi
559 3709 587 3758 41
603 3702 721 3772 proiecti
739 3703 767 3758 in
781 3703 879 3760 itinere
890 3703 994 3760 Romae
1007 3704 1196 3773 constiterunt,
1214 3713 1246 3761 ut
1256 3708 1319 3764 inde

153 3793 275 3849 navibus
293 3792 322 3845 14
339 3789 461 3844 Africam
478 3788 725 3843 transveherentur.

251 3881 276 3940 1)
289 3873 455 3929 Τ44114441ο
464 3873 586 3928 similiter
596 3876 670 3928 certo
684 3887 817 3939 caremus,
830 3889 884 3941 quo
897 3874 1098 3932 demonstratur
1109 3881 1181 3934 alam
1190 3877 1319 3936 Afrorum

158 3960 328 4016 Germaniae
351 3958 486 4012 inferioris
503 3955 586 4024 (VIII.
606 3960 684 4022 9651)
708 3957 778 4012 bello
802 3961 898 4012 contra
920 3959 1031 4015 Mauros
1056 3966 1131 4030 gesto
1154 3963 1319 4032 implicatam

156 4048 257 4103 141444.
274 4075 310 4088 -
328 4043 453 4098 ceterum
475 4043 549 4096 band
572 4044 629 4098 scio
654 4057 690 4096 an
712 4043 758 4096 ala
775 4042 934 4097 Britannica
956 4044 1050 4100 cadem
1073 4047 1111 4101 411
1132 4051 1214 4117 atque
1237 4050 1281 4104 ala
1298 4049 1320 4104 I.

158 4131 326 4187 Britannice
342 4125 465 4193 miliaria,
484 4141 555 4195 quae
572 4128 600 4182 in
618 4127 764 4197 diplomate
781 4135 955 4185 memoratur.
