3282 4968
317 385 357 444 92
731 387 871 455 Augustus
889 385 1043 444 Junemunu

319 557 456 624 tortasse
494 559 573 626 item
606 565 753 644 spectant
784 557 828 625 ad
858 557 977 626 fiumen
1007 558 1187 644 quoddam,
1223 555 1470 648 [Mltblslvur]

318 660 453 742 scilicet,
487 666 523 726 ut
553 681 667 728 versus
702 661 814 728 tertius
848 661 933 728 hunc
965 662 999 728 in
1024 660 1157 728 modum
1186 663 1386 747 supplendus
1416 665 1474 732 sit:

319 761 899 841 AD·FLVM·MARIS·QVI·VIX.

404 863 470 930 Sed
493 863 528 932 id
543 884 738 949 quamquam
754 884 898 932 summae
913 865 1150 948 probabilitatis
1173 868 1316 951 speciem
1337 889 1417 952 prae
1438 889 1474 936 se

313 963 387 1051 fert,
410 985 470 1047 pro
493 973 581 1034 certo
603 965 756 1033 affirmari
771 987 835 1034 non
856 973 978 1050 potest,
1000 967 1063 1034 nisi
1083 974 1181 1036 antea
1195 970 1393 1055 explicatum
1415 982 1473 1054 est,

317 1073 396 1150 quot
416 1069 544 1135 litterae
558 1068 669 1152 lapide
683 1074 778 1155 rupto
794 1070 933 1136 omissae
949 1071 1021 1137 sint.
1056 1069 1128 1150 Qua
1142 1072 1176 1137 in
1190 1091 1226 1138 re
1241 1073 1471 1156 benignissime

315 1189 367 1236 me
388 1169 515 1237 adiuvit
530 1169 698 1239 dichorius
721 1173 773 1238 vir
794 1173 1038 1256 illustrissimus,
1062 1174 1128 1257 qui,
1151 1194 1224 1241 cum
1244 1195 1348 1259 nuper
1369 1177 1404 1241 in
1425 1195 1473 1242 re·

316 1274 430 1356 gisnes
452 1274 600 1358 Illyricas
622 1273 888 1358 proficisceretur,
911 1275 945 1340 in
967 1274 1064 1338 Bada
1085 1281 1205 1361 vetere,
1227 1278 1284 1344 ubi
1306 1278 1341 1344 in
1363 1299 1473 1346 museo

316 1376 443 1441 titulum
467 1382 594 1443 exstare
618 1376 723 1443 editor
745 1376 884 1460 indicat,
907 1377 1028 1462 lapidis
1049 1379 1173 1446 litteras
1195 1380 1405 1463 perlustravit
1425 1388 1473 1447 at·

316 1497 380 1562 que
408 1499 528 1545 novum
557 1485 710 1564 ectypum
737 1481 824 1546 fecit.
874 1480 969 1548 Unde
995 1487 1132 1566 apparet
1157 1489 1233 1549 ante
1266 1502 1381 1549 vocem
1413 1484 1471 1550 Dll

316 1579 558 1648 SIDERATVS
580 1587 709 1665 praeter
737 1587 863 1666 partem
888 1583 1086 1666 superiorem
1107 1584 1234 1650 litterae
1256 1585 1273 1649 I
1300 1585 1335 1650 in
1365 1585 1474 1669 lapide

316 1684 415 1750 etiam
439 1689 567 1750 exstare
589 1685 744 1769 reliquias
767 1684 902 1752 duarum
917 1685 1081 1752 hastarum
1097 1686 1176 1770 (Vl),
1200 1705 1284 1769 quae
1299 1687 1384 1754 infra
1399 1708 1472 1754 con-

315 1794 469 1868 vergunt,
493 1786 539 1851 ita
560 1786 702 1870 quidem,
725 1795 761 1854 ut
782 1787 1010 1871 compendium
1031 1787 1078 1854 VI
1099 1786 1162 1855 hoc
1183 1789 1255 1856 loco
1278 1791 1474 1874 insculptum

318 1907 391 1956 esse
413 1888 595 1974 videretur,
628 1909 727 1973 quare
750 1910 1005 1974 commovemur,
1034 1895 1070 1956 ut
1091 1891 1183 1957 initio
1204 1893 1338 1959 alterius
1360 1913 1473 1962 uersus

316 2011 375 2074 pro
390 1990 469 2056 ADI
490 2012 647 2076 ponamus
664 1991 748 2070 QVI.
783 1993 893 2060 Tertio
909 1998 1017 2059 autem
1032 2012 1129 2060 versu
1144 1999 1219 2060 ante
1234 1994 1358 2061 litteras
1373 1995 1473 2061 ARIS

318 2093 454 2160 duarum
470 2092 635 2162 hastarum
650 2096 791 2178 vestigia
806 2100 944 2178 exstant,
967 2115 1050 2179 quae
1066 2102 1253 2180 congruunt,
1276 2101 1376 2180 atque
1398 2103 1473 2164 ante

317 2215 373 2266 eas
395 2217 472 2282 pars
494 2195 609 2265 hastae
631 2198 802 2282 invenitur,
825 2217 909 2281 quae
930 2198 1088 2282 reliquiae
1109 2198 1250 2264 litteram
1271 2199 1305 2264 ld
1327 2199 1473 2267 indicare

314 2298 472 2366 videntur.

401 2401 525 2480 Quibus
547 2402 643 2468 rebus
665 2405 749 2469 bene
772 2401 942 2488 explicatis
965 2421 1037 2468 cum
1058 2402 1144 2467 tituli
1159 2421 1255 2468 versu
1269 2403 1374 2469 altero
1388 2410 1476 2470 recte

315 2503 462 2570 restituto
493 2505 590 2570 etiam
617 2505 822 2588 perspicuum
850 2505 901 2586 sit,
931 2511 1010 2587 quot
1036 2504 1164 2569 litterae
1194 2505 1227 2568 in
1256 2524 1352 2571 versu
1380 2506 1475 2572 tertio

317 2604 552 2689 desiderentur,
575 2612 700 2690 septem
721 2606 885 2690 uidelicet,
909 2605 996 2689 quod
1018 2626 1116 2689 supra
1144 2607 1329 2672 coniectura
1356 2628 1475 2692 propo·

315 2707 447 2789 suimus,
470 2707 506 2774 id
528 2709 706 2776 certissime
728 2707 954 2791 comprobatur
968 2708 1002 2772 in
1017 2727 1113 2774 versu
1129 2708 1222 2774 tertio
1238 2707 1477 2776 emendandum

316 2826 403 2874 esse:
426 2808 1014 2888 AD·FLVM·MARIS·QVI·VIX.

401 2909 493 2976 Haec
514 2913 542 2978 si
569 2917 656 2978 recte
685 2912 849 2996 disputata
877 2917 959 2995 sunt,
989 2931 1061 2978 cum
1090 2913 1178 2995 optio
1206 2913 1346 2997 legionis
1375 2914 1402 2980 Ι.
1436 2949 1478 2960 -

301 3011 516 3086 ,Αᾶίιιιιίοθιιι
552 3013 636 3096 dico,
665 3012 754 3096 quod
781 3013 892 3079 titulus
914 3013 1100 3096 Brigetione
1129 3021 1274 3098 repertus
1297 3020 1347 3082 est
1369 3051 1412 3062 —
1433 3016 1479 3082 ad

314 3113 433 3180 flumen
455 3115 610 3183 Marisum
633 3115 757 3182 occisus
780 3115 831 3198 sit,
858 3115 1019 3198 legionem
1042 3116 1146 3200 ipsam
1168 3115 1339 3183 Maximini
1368 3123 1479 3185 aetate

315 3219 349 3282 in
371 3217 476 3284 Dacia
498 3224 609 3285 eontra
630 3215 740 3282 hostes
761 3217 917 3283 militasse
940 3223 1072 3283 constat.

399 3321 514 3404 Neque
537 3340 615 3386 vero
638 3339 687 3402 ea,
717 3338 800 3402 quae
822 3323 891 3385 arte
920 3319 1093 3401 manuque'
1110 3319 1143 3383 in
1171 3317 1234 3386 lroe
1261 3319 1374 3404 lapide
1403 3320 1480 3388 fieta

316 3429 398 3505 sunt,
421 3423 463 3488 ab
486 3422 610 3488 editore
632 3422 654 3488 1.
677 3421 698 3486 l.
722 3427 810 3487 recte
832 3419 1030 3504 indicantur,
1060 3441 1143 3506 quae
1172 3421 1259 3505 quod
1286 3422 1391 3490 fusius
1420 3422 1477 3489 de·

315 3525 439 3589 clarare
467 3544 609 3607 possum,
639 3523 736 3588 etiam
759 3522 950 3604 benignitati
972 3522 1113 3590 conradi
1136 3523 1304 3591 Oichorius
1327 3524 1477 3592 debetur.

317 3624 423 3709 Supra
452 3626 579 3690 titulum
610 3626 693 3690 enim
716 3625 855 3709 primum
879 3658 918 3668 -
942 3625 975 3688 in
997 3625 1099 3692 latere
1122 3625 1257 3692 intuenti
1280 3626 1412 3694 sinistro
1435 3663 1476 3671 -—

317 3727 453 3791 militem
469 3726 682 3808 legionarium
695 3725 843 3792 uidemus
858 3727 892 3792 in
907 3724 1054 3791 dextram
1069 3726 1342 3811 progredientem,
1358 3728 1477 3796 dextra

315 3848 412 3893 manu
443 3827 597 3911 gladium,
627 3829 756 3894 sinistra
785 3829 924 3912 elipeum
953 3833 1124 3894 tenentem.
1168 3831 1252 3894 Ante
1280 3849 1354 3895 eum
1378 3866 1420 3875 -
1442 3832 1476 3896 in

315 3931 418 3995 latero
446 3931 582 3994 intuenti
611 3929 726 3996 dextro
748 3965 792 3975 -
814 3929 1088 3997 homo‘barbarus
1110 3929 1349 4015 genuflectens
1371 3937 1474 4008 (nota-

316 4031 392 4097 bilis
414 4036 516 4114 veste,
539 4032 650 4116 barba,
673 4033 825 4109 crinibus)
848 4034 881 4098 in
904 4033 1065 4099 sinistram
1088 4051 1210 4116 versus,
1238 4032 1355 4100 dextra
1377 4053 1475 4100 manu

316 4132 441 4217 aliquid
463 4152 624 4199 armorum
647 4136 874 4220 complectens,
903 4133 991 4217 quod
1017 4135 1081 4200 ium
1102 4155 1168 4202 non
1189 4136 1412 4220 cognoscitur;
1440 4133 1475 4200 id
