<?xml version="1.0" encoding="UTF-8"?>
<!DOCTYPE html PUBLIC "-//W3C//DTD XHTML 1.0 Transitional//EN"
    "http://www.w3.org/TR/xhtml1/DTD/xhtml1-transitional.dtd">
<html xmlns="http://www.w3.org/1999/xhtml" xml:lang="en" lang="en">
 <head>
  <title>
</title>
<meta http-equiv="Content-Type" content="text/html;charset=utf-8" />
  <meta name='ocr-system' content='tesseract 3.04.00' />
  <meta name='ocr-capabilities' content='ocr_page ocr_carea ocr_par ocr_line ocrx_word'/>
</head>
<body>
  <div class='ocr_page' id='page_1' title='image "./leipzigerstudie00curtgoog_0318.png"; bbox 0 0 3198 4974; ppageno 0'>
   <div class='ocr_carea' id='block_1_1' title="bbox 302 400 1032 471">
    <p class='ocr_par' dir='ltr' id='par_1_1' title="bbox 302 400 1032 471">
     <span class='ocr_line' id='line_1_1' title="bbox 302 400 1032 471; baseline -0.011 -9"><span class='ocrx_word' id='word_1_1' title='bbox 302 400 364 462; x_wconf 77' lang='lat'>134</span> <span class='ocrx_word' id='word_1_2' title='bbox 591 452 593 458; x_wconf 88' lang='lat'>.</span> <span class='ocrx_word' id='word_1_3' title='bbox 724 400 905 469; x_wconf 77' lang='lat' dir='ltr'>Engelbertus</span> <span class='ocrx_word' id='word_1_4' title='bbox 923 400 1032 471; x_wconf 88' lang='lat' dir='ltr'>Drerup</span> 
     </span>
    </p>
   </div>
   <div class='ocr_carea' id='block_1_2' title="bbox 300 573 1459 865">
    <p class='ocr_par' dir='ltr' id='par_1_2' title="bbox 300 573 1459 865">
     <span class='ocr_line' id='line_1_2' title="bbox 383 573 1457 659; baseline 0 -17"><span class='ocrx_word' id='word_1_5' title='bbox 383 578 451 642; x_wconf 88' lang='lat' dir='ltr'>lam</span> <span class='ocrx_word' id='word_1_6' title='bbox 475 573 628 641; x_wconf 87' lang='lat' dir='ltr'>adfinem</span> <span class='ocrx_word' id='word_1_7' title='bbox 646 574 873 658; x_wconf 84' lang='lat' dir='ltr'>disputationis</span> <span class='ocrx_word' id='word_1_8' title='bbox 889 575 1138 658; x_wconf 85' lang='lat' dir='ltr'>penetravimus,</span> <span class='ocrx_word' id='word_1_9' title='bbox 1162 575 1369 659; x_wconf 87' lang='lat' dir='ltr'>quudecausa</span> <span class='ocrx_word' id='word_1_10' title='bbox 1388 576 1457 642; x_wconf 86' lang='lat' dir='ltr'>bre·</span> 
     </span>
     <span class='ocr_line' id='line_1_3' title="bbox 300 675 1457 761; baseline -0.003 -15"><span class='ocrx_word' id='word_1_11' title='bbox 300 681 384 746; x_wconf 83' lang='lat' dir='ltr'>viter</span> <span class='ocrx_word' id='word_1_12' title='bbox 406 679 597 761; x_wconf 89' lang='lat' dir='ltr'>colligamus</span> <span class='ocrx_word' id='word_1_13' title='bbox 620 695 702 760; x_wconf 91' lang='lat' dir='ltr'>opus</span> <span class='ocrx_word' id='word_1_14' title='bbox 725 684 783 758; x_wconf 84' lang='lat' dir='ltr'>ert,</span> <span class='ocrx_word' id='word_1_15' title='bbox 814 677 930 759; x_wconf 86' lang='lat' dir='ltr'>quibus</span> <span class='ocrx_word' id='word_1_16' title='bbox 960 675 1000 742; x_wconf 89' lang='lat' dir='ltr'>da</span> <span class='ocrx_word' id='word_1_17' title='bbox 1030 677 1127 744; x_wconf 90' lang='lat' dir='ltr'>rebus</span> <span class='ocrx_word' id='word_1_18' title='bbox 1150 678 1251 742; x_wconf 86' lang='lat' dir='ltr'>verba</span> <span class='ocrx_word' id='word_1_19' title='bbox 1279 677 1457 744; x_wconf 79' lang='lat' dir='ltr'>fecerimus.</span> 
     </span>
     <span class='ocr_line' id='line_1_4' title="bbox 384 779 1459 865; baseline -0.002 -19"><span class='ocrx_word' id='word_1_20' title='bbox 384 781 535 865; x_wconf 82' lang='lat' dir='ltr'>Dionysii</span> <span class='ocrx_word' id='word_1_21' title='bbox 558 781 657 864; x_wconf 87' lang='lat' dir='ltr'>igitur</span> <span class='ocrx_word' id='word_1_22' title='bbox 679 779 878 862; x_wconf 81' lang='lat' dir='ltr'>temporibus</span> <span class='ocrx_word' id='word_1_23' title='bbox 901 779 1028 844; x_wconf 87' lang='lat' dir='ltr'>sincera</span> <span class='ocrx_word' id='word_1_24' title='bbox 1050 779 1201 846; x_wconf 89' lang='lat' dir='ltr'>Isocratis</span> <span class='ocrx_word' id='word_1_25' title='bbox 1217 779 1373 846; x_wconf 88' lang='lat' dir='ltr'>memoria</span> <span class='ocrx_word' id='word_1_26' title='bbox 1387 799 1459 863; x_wconf 90' lang='lat' dir='ltr'>per·</span> 
     </span>
    </p>
   </div>
   <div class='ocr_carea' id='block_1_3' title="bbox 200 880 1459 964">
    <p class='ocr_par' dir='ltr' id='par_1_3' title="bbox 200 880 1459 964">
     <span class='ocr_line' id='line_1_5' title="bbox 200 880 1459 964; baseline -0.001 -16"><span class='ocrx_word' id='word_1_27' title='bbox 200 954 202 960; x_wconf 60' lang='grc'><strong>,</strong></span> <span class='ocrx_word' id='word_1_28' title='bbox 298 883 368 949; x_wconf 90' lang='lat' dir='ltr'>dita</span> <span class='ocrx_word' id='word_1_29' title='bbox 389 882 522 950; x_wconf 89' lang='lat' dir='ltr'>codices</span> <span class='ocrx_word' id='word_1_30' title='bbox 544 883 577 947; x_wconf 94' lang='lat' dir='ltr'>in</span> <span class='ocrx_word' id='word_1_31' title='bbox 599 881 784 948; x_wconf 88' lang='lat' dir='ltr'>universum</span> <span class='ocrx_word' id='word_1_32' title='bbox 806 901 870 948; x_wconf 91' lang='lat' dir='ltr'>non</span> <span class='ocrx_word' id='word_1_33' title='bbox 893 880 1087 948; x_wconf 86' lang='lat' dir='ltr'>differebant</span> <span class='ocrx_word' id='word_1_34' title='bbox 1098 881 1131 963; x_wconf 88' lang='lat'>¹),</span> <span class='ocrx_word' id='word_1_35' title='bbox 1161 881 1224 946; x_wconf 93' lang='lat' dir='ltr'>nisi</span> <span class='ocrx_word' id='word_1_36' title='bbox 1246 881 1333 964; x_wconf 94' lang='lat' dir='ltr'>quod</span> <span class='ocrx_word' id='word_1_37' title='bbox 1355 882 1459 947; x_wconf 87' lang='lat' dir='ltr'>varie·</span> 
     </span>
    </p>
   </div>
   <div class='ocr_carea' id='block_1_4' title="bbox 296 983 1459 3516">
    <p class='ocr_par' dir='ltr' id='par_1_4' title="bbox 296 983 1459 3516">
     <span class='ocr_line' id='line_1_6' title="bbox 298 983 1459 1068; baseline -0.003 -16"><span class='ocrx_word' id='word_1_38' title='bbox 298 991 381 1053; x_wconf 87' lang='lat' dir='ltr'>tates</span> <span class='ocrx_word' id='word_1_39' title='bbox 414 984 576 1068; x_wconf 84' lang='lat' dir='ltr'>prioribus</span> <span class='ocrx_word' id='word_1_40' title='bbox 609 983 749 1050; x_wconf 87' lang='lat' dir='ltr'>sacculis</span> <span class='ocrx_word' id='word_1_41' title='bbox 781 983 933 1050; x_wconf 89' lang='lat' dir='ltr'>oriundas</span> <span class='ocrx_word' id='word_1_42' title='bbox 966 984 1040 1066; x_wconf 92' lang='lat' dir='ltr'>plns</span> <span class='ocrx_word' id='word_1_43' title='bbox 1076 983 1224 1049; x_wconf 89' lang='lat' dir='ltr'>minusve</span> <span class='ocrx_word' id='word_1_44' title='bbox 1260 991 1459 1066; x_wconf 86' lang='lat' dir='ltr'>receperunt,</span> 
     </span>
     <span class='ocr_line' id='line_1_7' title="bbox 299 1085 1457 1171; baseline -0.003 -18"><span class='ocrx_word' id='word_1_45' title='bbox 299 1086 461 1171; x_wconf 91' lang='lat' dir='ltr'>quomodo</span> <span class='ocrx_word' id='word_1_46' title='bbox 484 1105 626 1171; x_wconf 84' lang='lat' dir='ltr'>papyros</span> <span class='ocrx_word' id='word_1_47' title='bbox 649 1092 795 1152; x_wconf 86' lang='lat' dir='ltr'>servatos</span> <span class='ocrx_word' id='word_1_48' title='bbox 817 1092 915 1169; x_wconf 88' lang='lat' dir='ltr'>atque</span> <span class='ocrx_word' id='word_1_49' title='bbox 936 1085 1171 1169; x_wconf 85' lang='lat' dir='ltr'>Dionysianum</span> <span class='ocrx_word' id='word_1_50' title='bbox 1195 1085 1363 1170; x_wconf 85' lang='lat' dir='ltr'>exemplar</span> <span class='ocrx_word' id='word_1_51' title='bbox 1385 1106 1457 1151; x_wconf 89' lang='lat' dir='ltr'>con-</span> 
     </span>
     <span class='ocr_line' id='line_1_8' title="bbox 297 1187 1457 1271; baseline -0.003 -15"><span class='ocrx_word' id='word_1_52' title='bbox 297 1190 409 1256; x_wconf 87' lang='lat' dir='ltr'>venire</span> <span class='ocrx_word' id='word_1_53' title='bbox 425 1207 523 1271; x_wconf 87' lang='lat' dir='ltr'>supra</span> <span class='ocrx_word' id='word_1_54' title='bbox 538 1187 688 1254; x_wconf 90' lang='lat' dir='ltr'>vidimus.</span> <span class='ocrx_word' id='word_1_55' title='bbox 725 1189 832 1271; x_wconf 85' lang='lat' dir='ltr'>Atque</span> <span class='ocrx_word' id='word_1_56' title='bbox 848 1207 890 1254; x_wconf 85' lang='lat' dir='ltr'>ex</span> <span class='ocrx_word' id='word_1_57' title='bbox 905 1187 1019 1253; x_wconf 87' lang='lat' dir='ltr'>eodem</span> <span class='ocrx_word' id='word_1_58' title='bbox 1035 1207 1169 1253; x_wconf 90' lang='lat' dir='ltr'>numero</span> <span class='ocrx_word' id='word_1_59' title='bbox 1184 1187 1332 1253; x_wconf 91' lang='lat' dir='ltr'>codicum</span> <span class='ocrx_word' id='word_1_60' title='bbox 1347 1187 1457 1253; x_wconf 88' lang='lat' dir='ltr'>arche-</span> 
     </span>
     <span class='ocr_line' id='line_1_9' title="bbox 297 1289 1458 1375; baseline 0 -19"><span class='ocrx_word' id='word_1_61' title='bbox 297 1298 394 1375; x_wconf 85' lang='lat' dir='ltr'>typus</span> <span class='ocrx_word' id='word_1_62' title='bbox 416 1290 486 1372; x_wconf 86' lang='lat' dir='ltr'>iuit,</span> <span class='ocrx_word' id='word_1_63' title='bbox 516 1290 572 1372; x_wconf 91' lang='lat' dir='ltr'>qui</span> <span class='ocrx_word' id='word_1_64' title='bbox 595 1291 744 1372; x_wconf 86' lang='lat' dir='ltr'>quamvis</span> <span class='ocrx_word' id='word_1_65' title='bbox 767 1289 855 1357; x_wconf 87' lang='lat' dir='ltr'>haud</span> <span class='ocrx_word' id='word_1_66' title='bbox 877 1291 1080 1373; x_wconf 88' lang='lat' dir='ltr'>incorruptus</span> <span class='ocrx_word' id='word_1_67' title='bbox 1103 1289 1243 1371; x_wconf 91' lang='lat' dir='ltr'>vulgatis</span> <span class='ocrx_word' id='word_1_68' title='bbox 1265 1291 1458 1356; x_wconf 90' lang='lat' dir='ltr'>lectionibus</span> 
     </span>
     <span class='ocr_line' id='line_1_10' title="bbox 298 1391 1457 1475; baseline -0.003 -15"><span class='ocrx_word' id='word_1_69' title='bbox 298 1393 394 1460; x_wconf 92' lang='lat' dir='ltr'>solito</span> <span class='ocrx_word' id='word_1_70' title='bbox 416 1393 520 1475; x_wconf 88' lang='lat' dir='ltr'>magis</span> <span class='ocrx_word' id='word_1_71' title='bbox 542 1391 754 1475; x_wconf 78' lang='lat' dir='ltr'>abstinuerat,</span> <span class='ocrx_word' id='word_1_72' title='bbox 783 1392 844 1458; x_wconf 90' lang='lat' dir='ltr'>etsi</span> <span class='ocrx_word' id='word_1_73' title='bbox 873 1413 938 1457; x_wconf 93' lang='lat' dir='ltr'>non</span> <span class='ocrx_word' id='word_1_74' title='bbox 960 1411 1082 1474; x_wconf 84' lang='lat' dir='ltr'>paucus</span> <span class='ocrx_word' id='word_1_75' title='bbox 1112 1410 1222 1456; x_wconf 86' lang='lat' dir='ltr'>earum</span> <span class='ocrx_word' id='word_1_76' title='bbox 1251 1393 1285 1456; x_wconf 92' lang='lat' dir='ltr'>in</span> <span class='ocrx_word' id='word_1_77' title='bbox 1312 1393 1457 1475; x_wconf 81' lang='lat' dir='ltr'>margine</span> 
     </span>
     <span class='ocr_line' id='line_1_11' title="bbox 297 1493 1458 1579; baseline -0.001 -18"><span class='ocrx_word' id='word_1_78' title='bbox 297 1495 478 1578; x_wconf 85' lang='lat' dir='ltr'>adscriptas</span> <span class='ocrx_word' id='word_1_79' title='bbox 508 1493 609 1559; x_wconf 77' lang='lat' dir='ltr'>fuisse</span> <span class='ocrx_word' id='word_1_80' title='bbox 631 1513 703 1559; x_wconf 89' lang='lat' dir='ltr'>curn</span> <span class='ocrx_word' id='word_1_81' title='bbox 727 1495 835 1579; x_wconf 87' lang='lat' dir='ltr'>specie</span> <span class='ocrx_word' id='word_1_82' title='bbox 859 1495 1005 1560; x_wconf 88' lang='lat' dir='ltr'>veritatis</span> <span class='ocrx_word' id='word_1_83' title='bbox 1037 1494 1293 1576; x_wconf 85' lang='lat' dir='ltr'>explanavimus.</span> <span class='ocrx_word' id='word_1_84' title='bbox 1338 1493 1389 1560; x_wconf 86' lang='lat' dir='ltr'>Ab</span> <span class='ocrx_word' id='word_1_85' title='bbox 1419 1513 1458 1560; x_wconf 90' lang='lat' dir='ltr'>eo</span> 
     </span>
     <span class='ocr_line' id='line_1_12' title="bbox 298 1595 1459 1680; baseline 0 -19"><span class='ocrx_word' id='word_1_86' title='bbox 298 1596 383 1661; x_wconf 86' lang='lat' dir='ltr'>duae</span> <span class='ocrx_word' id='word_1_87' title='bbox 405 1596 570 1678; x_wconf 87' lang='lat' dir='ltr'>profectae</span> <span class='ocrx_word' id='word_1_88' title='bbox 593 1601 666 1662; x_wconf 88' lang='lat' dir='ltr'>sunt</span> <span class='ocrx_word' id='word_1_89' title='bbox 689 1595 837 1661; x_wconf 89' lang='lat' dir='ltr'>codicum</span> <span class='ocrx_word' id='word_1_90' title='bbox 859 1597 1012 1680; x_wconf 81' lang='lat' dir='ltr'>familiae,</span> <span class='ocrx_word' id='word_1_91' title='bbox 1036 1615 1171 1679; x_wconf 89' lang='lat' dir='ltr'>quarum</span> <span class='ocrx_word' id='word_1_92' title='bbox 1193 1596 1305 1677; x_wconf 89' lang='lat' dir='ltr'>altera,</span> <span class='ocrx_word' id='word_1_93' title='bbox 1329 1615 1372 1661; x_wconf 83' lang='lat' dir='ltr'>ex</span> <span class='ocrx_word' id='word_1_94' title='bbox 1394 1615 1459 1680; x_wconf 90' lang='lat' dir='ltr'>qua</span> 
     </span>
     <span class='ocr_line' id='line_1_13' title="bbox 297 1697 1456 1781; baseline -0.001 -18"><span class='ocrx_word' id='word_1_95' title='bbox 297 1697 403 1763; x_wconf 85' lang='lat' dir='ltr'>codex</span> <span class='ocrx_word' id='word_1_96' title='bbox 425 1701 455 1759; x_wconf 95' lang='grc' dir='ltr'><strong><em>Γ</em></strong></span> <span class='ocrx_word' id='word_1_97' title='bbox 480 1705 636 1781; x_wconf 87' lang='lat' dir='ltr'>superest,</span> <span class='ocrx_word' id='word_1_98' title='bbox 666 1697 837 1780; x_wconf 88' lang='lat' dir='ltr'>postmodo</span> <span class='ocrx_word' id='word_1_99' title='bbox 865 1698 1055 1781; x_wconf 77' lang='lat' dir='ltr'>corruptelis</span> <span class='ocrx_word' id='word_1_100' title='bbox 1084 1697 1151 1762; x_wconf 85' lang='lat' dir='ltr'>lere</span> <span class='ocrx_word' id='word_1_101' title='bbox 1181 1698 1301 1763; x_wconf 86' lang='lat' dir='ltr'>intacta</span> <span class='ocrx_word' id='word_1_102' title='bbox 1329 1699 1456 1771; x_wconf 91' lang='lat' dir='ltr'>mansit,</span> 
     </span>
     <span class='ocr_line' id='line_1_14' title="bbox 296 1799 1458 1884; baseline 0 -20"><span class='ocrx_word' id='word_1_103' title='bbox 296 1801 401 1864; x_wconf 87' lang='lat' dir='ltr'>altera</span> <span class='ocrx_word' id='word_1_104' title='bbox 421 1799 591 1884; x_wconf 88' lang='lat' dir='ltr'>permultis</span> <span class='ocrx_word' id='word_1_105' title='bbox 613 1800 806 1866; x_wconf 89' lang='lat' dir='ltr'>lectionibus</span> <span class='ocrx_word' id='word_1_106' title='bbox 822 1801 962 1884; x_wconf 86' lang='lat' dir='ltr'>vulgatis</span> <span class='ocrx_word' id='word_1_107' title='bbox 979 1820 1021 1866; x_wconf 88' lang='lat' dir='ltr'>ex</span> <span class='ocrx_word' id='word_1_108' title='bbox 1035 1799 1212 1884; x_wconf 84' lang='lat' dir='ltr'>archetypo</span> <span class='ocrx_word' id='word_1_109' title='bbox 1230 1801 1295 1864; x_wconf 89' lang='lat' dir='ltr'>iam</span> <span class='ocrx_word' id='word_1_110' title='bbox 1319 1799 1458 1865; x_wconf 90' lang='lat' dir='ltr'>inductis</span> 
     </span>
     <span class='ocr_line' id='line_1_15' title="bbox 296 1900 1458 1984; baseline -0.001 -18"><span class='ocrx_word' id='word_1_111' title='bbox 296 1907 411 1984; x_wconf 90' lang='lat' dir='ltr'>postea</span> <span class='ocrx_word' id='word_1_112' title='bbox 434 1920 506 1966; x_wconf 89' lang='lat' dir='ltr'>cum</span> <span class='ocrx_word' id='word_1_113' title='bbox 528 1901 602 1966; x_wconf 88' lang='lat' dir='ltr'>aliis</span> <span class='ocrx_word' id='word_1_114' title='bbox 623 1900 792 1967; x_wconf 89' lang='lat' dir='ltr'>codicibus</span> <span class='ocrx_word' id='word_1_115' title='bbox 815 1903 1033 1968; x_wconf 86' lang='lat' dir='ltr'>contaminata</span> <span class='ocrx_word' id='word_1_116' title='bbox 1054 1902 1244 1967; x_wconf 86' lang='lat' dir='ltr'>memoriam</span> <span class='ocrx_word' id='word_1_117' title='bbox 1264 1901 1458 1967; x_wconf 89' lang='lat' dir='ltr'>Isocratoam</span> 
     </span>
     <span class='ocr_line' id='line_1_16' title="bbox 296 2001 1457 2087; baseline -0.002 -19"><span class='ocrx_word' id='word_1_118' title='bbox 296 2003 425 2086; x_wconf 87' lang='lat' dir='ltr'>penitus</span> <span class='ocrx_word' id='word_1_119' title='bbox 447 2021 634 2086; x_wconf 87' lang='lat' dir='ltr'>perversam</span> <span class='ocrx_word' id='word_1_120' title='bbox 656 2003 800 2087; x_wconf 86' lang='lat' dir='ltr'>praebet.</span> <span class='ocrx_word' id='word_1_121' title='bbox 840 2001 931 2082; x_wconf 82' lang='lat' dir='ltr'>Quae</span> <span class='ocrx_word' id='word_1_122' title='bbox 952 2003 1100 2070; x_wconf 90' lang='lat' dir='ltr'>codicum</span> <span class='ocrx_word' id='word_1_123' title='bbox 1122 2003 1254 2086; x_wconf 89' lang='lat' dir='ltr'>familia,</span> <span class='ocrx_word' id='word_1_124' title='bbox 1276 2023 1374 2086; x_wconf 90' lang='lat' dir='ltr'>quam</span> <span class='ocrx_word' id='word_1_125' title='bbox 1388 2003 1457 2068; x_wconf 85' lang='lat' dir='ltr'>vul-</span> 
     </span>
     <span class='ocr_line' id='line_1_17' title="bbox 297 2104 1456 2189; baseline -0.002 -19"><span class='ocrx_word' id='word_1_126' title='bbox 297 2111 406 2186; x_wconf 88' lang='lat' dir='ltr'>gatam</span> <span class='ocrx_word' id='word_1_127' title='bbox 435 2105 648 2188; x_wconf 86' lang='lat' dir='ltr'>nominamus,</span> <span class='ocrx_word' id='word_1_128' title='bbox 676 2107 710 2170; x_wconf 90' lang='lat' dir='ltr'>in</span> <span class='ocrx_word' id='word_1_129' title='bbox 733 2105 814 2170; x_wconf 85' lang='lat' dir='ltr'>duas</span> <span class='ocrx_word' id='word_1_130' title='bbox 836 2107 952 2171; x_wconf 92' lang='lat' dir='ltr'>iterum</span> <span class='ocrx_word' id='word_1_131' title='bbox 979 2111 1088 2189; x_wconf 87' lang='lat' dir='ltr'>partes</span> <span class='ocrx_word' id='word_1_132' title='bbox 1110 2104 1268 2186; x_wconf 85' lang='lat' dir='ltr'>discessit,</span> <span class='ocrx_word' id='word_1_133' title='bbox 1297 2123 1370 2169; x_wconf 91' lang='lat' dir='ltr'>cum</span> <span class='ocrx_word' id='word_1_134' title='bbox 1392 2123 1456 2168; x_wconf 92' lang='lat' dir='ltr'>me·</span> 
     </span>
     <span class='ocr_line' id='line_1_18' title="bbox 297 2205 1457 2290; baseline 0 -20"><span class='ocrx_word' id='word_1_135' title='bbox 297 2208 411 2273; x_wconf 91' lang='lat' dir='ltr'>liorem</span> <span class='ocrx_word' id='word_1_136' title='bbox 444 2214 567 2273; x_wconf 88' lang='lat' dir='ltr'>textum</span> <span class='ocrx_word' id='word_1_137' title='bbox 596 2207 702 2273; x_wconf 84' lang='lat' dir='ltr'>codex</span> <span class='ocrx_word' id='word_1_138' title='bbox 734 2209 773 2290; x_wconf 87' lang='grc' dir='ltr'>Θ,</span> <span class='ocrx_word' id='word_1_139' title='bbox 808 2208 864 2290; x_wconf 89' lang='lat' dir='ltr'>qui</span> <span class='ocrx_word' id='word_1_140' title='bbox 893 2207 1097 2273; x_wconf 87' lang='lat' dir='ltr'>librariorum</span> <span class='ocrx_word' id='word_1_141' title='bbox 1130 2205 1261 2289; x_wconf 89' lang='lat' dir='ltr'>quidem</span> <span class='ocrx_word' id='word_1_142' title='bbox 1296 2205 1457 2271; x_wconf 87' lang='lat' dir='ltr'>erroribus</span> 
     </span>
     <span class='ocr_line' id='line_1_19' title="bbox 296 2305 1458 2393; baseline -0.003 -19"><span class='ocrx_word' id='word_1_143' title='bbox 296 2309 464 2393; x_wconf 89' lang='lat' dir='ltr'>pueriliter</span> <span class='ocrx_word' id='word_1_144' title='bbox 488 2308 684 2392; x_wconf 85' lang='lat' dir='ltr'>depravatus</span> <span class='ocrx_word' id='word_1_145' title='bbox 708 2316 765 2390; x_wconf 89' lang='lat' dir='ltr'>est,</span> <span class='ocrx_word' id='word_1_146' title='bbox 795 2309 974 2375; x_wconf 88' lang='lat' dir='ltr'>tradiderit.</span> <span class='ocrx_word' id='word_1_147' title='bbox 1020 2309 1070 2374; x_wconf 82' lang='lat' dir='ltr'>Ex</span> <span class='ocrx_word' id='word_1_148' title='bbox 1098 2309 1201 2374; x_wconf 86' lang='lat' dir='ltr'>altera</span> <span class='ocrx_word' id='word_1_149' title='bbox 1230 2314 1323 2391; x_wconf 85' lang='lat' dir='ltr'>parte</span> <span class='ocrx_word' id='word_1_150' title='bbox 1352 2305 1458 2373; x_wconf 83' lang='lat' dir='ltr'>codex</span> 
     </span>
     <span class='ocr_line' id='line_1_20' title="bbox 296 2409 1456 2496; baseline -0.002 -22"><span class='ocrx_word' id='word_1_151' title='bbox 296 2416 336 2474; x_wconf 90' lang='lat' dir='ltr'><em>A</em></span> <span class='ocrx_word' id='word_1_152' title='bbox 358 2412 515 2494; x_wconf 82' lang='lat' dir='ltr'>originem</span> <span class='ocrx_word' id='word_1_153' title='bbox 538 2411 632 2478; x_wconf 86' lang='lat' dir='ltr'>duxit</span> <span class='ocrx_word' id='word_1_154' title='bbox 652 2412 751 2496; x_wconf 86' lang='lat' dir='ltr'>paulo</span> <span class='ocrx_word' id='word_1_155' title='bbox 773 2417 943 2494; x_wconf 77' lang='lat' dir='ltr'>postquam</span> <span class='ocrx_word' id='word_1_156' title='bbox 973 2411 1094 2477; x_wconf 91' lang='lat' dir='ltr'>codicis</span> <span class='ocrx_word' id='word_1_157' title='bbox 1120 2413 1160 2473; x_wconf 87' lang='lat' dir='ltr'><strong><em>H</em></strong></span> <span class='ocrx_word' id='word_1_158' title='bbox 1183 2409 1307 2474; x_wconf 83' lang='lat' dir='ltr'>familia</span> <span class='ocrx_word' id='word_1_159' title='bbox 1340 2427 1375 2474; x_wconf 89' lang='lat' dir='ltr'>se</span> <span class='ocrx_word' id='word_1_160' title='bbox 1408 2427 1456 2473; x_wconf 88' lang='lat' dir='ltr'>se·</span> 
     </span>
     <span class='ocr_line' id='line_1_21' title="bbox 296 2509 1457 2597; baseline -0.005 -18"><span class='ocrx_word' id='word_1_161' title='bbox 296 2515 435 2596; x_wconf 80' lang='lat' dir='ltr'>paravit,</span> <span class='ocrx_word' id='word_1_162' title='bbox 466 2533 550 2597; x_wconf 87' lang='lat' dir='ltr'>quae</span> <span class='ocrx_word' id='word_1_163' title='bbox 572 2514 804 2579; x_wconf 87' lang='lat' dir='ltr'>recentioribus</span> <span class='ocrx_word' id='word_1_164' title='bbox 827 2519 949 2578; x_wconf 88' lang='lat' dir='ltr'>tanturn</span> <span class='ocrx_word' id='word_1_165' title='bbox 971 2513 1135 2578; x_wconf 91' lang='lat' dir='ltr'>codicibus</span> <span class='ocrx_word' id='word_1_166' title='bbox 1158 2517 1288 2578; x_wconf 86' lang='lat' dir='ltr'>servata</span> <span class='ocrx_word' id='word_1_167' title='bbox 1310 2517 1367 2576; x_wconf 85' lang='lat' dir='ltr'>cst.</span> <span class='ocrx_word' id='word_1_168' title='bbox 1405 2509 1457 2574; x_wconf 80' lang='lat' dir='ltr'>Ad</span> 
     </span>
     <span class='ocr_line' id='line_1_22' title="bbox 296 2613 1457 2696; baseline -0.005 -15"><span class='ocrx_word' id='word_1_169' title='bbox 296 2615 444 2682; x_wconf 89' lang='lat' dir='ltr'>codicem</span> <span class='ocrx_word' id='word_1_170' title='bbox 467 2620 497 2678; x_wconf 90' lang='grc' dir='ltr'><strong><em>Γ</em></strong></span> <span class='ocrx_word' id='word_1_171' title='bbox 515 2622 623 2681; x_wconf 91' lang='lat' dir='ltr'>autem</span> <span class='ocrx_word' id='word_1_172' title='bbox 652 2636 716 2682; x_wconf 92' lang='lat' dir='ltr'>uno</span> <span class='ocrx_word' id='word_1_173' title='bbox 745 2615 967 2682; x_wconf 78' lang='lat' dir='ltr'>intercedente</span> <span class='ocrx_word' id='word_1_174' title='bbox 996 2617 1079 2682; x_wconf 91' lang='lat' dir='ltr'>libro</span> <span class='ocrx_word' id='word_1_175' title='bbox 1108 2615 1214 2682; x_wconf 85' lang='lat' dir='ltr'>codex</span> <span class='ocrx_word' id='word_1_176' title='bbox 1235 2618 1268 2678; x_wconf 89' lang='grc' dir='ltr'><em>Δ</em></span> <span class='ocrx_word' id='word_1_177' title='bbox 1286 2613 1381 2696; x_wconf 89' lang='lat' dir='ltr'>redit,</span> <span class='ocrx_word' id='word_1_178' title='bbox 1416 2632 1457 2676; x_wconf 86' lang='lat' dir='ltr'>ex</span> 
     </span>
     <span class='ocr_line' id='line_1_23' title="bbox 296 2714 1456 2801; baseline -0.003 -19"><span class='ocrx_word' id='word_1_179' title='bbox 296 2737 360 2801; x_wconf 86' lang='lat' dir='ltr'>quo</span> <span class='ocrx_word' id='word_1_180' title='bbox 391 2717 495 2783; x_wconf 83' lang='lat' dir='ltr'>codex</span> <span class='ocrx_word' id='word_1_181' title='bbox 525 2720 554 2780; x_wconf 88' lang='lat' dir='ltr'><em>E</em></span> <span class='ocrx_word' id='word_1_182' title='bbox 581 2717 761 2801; x_wconf 77' lang='lat' dir='ltr'>descriptus</span> <span class='ocrx_word' id='word_1_183' title='bbox 791 2723 848 2784; x_wconf 81' lang='lat' dir='ltr'>ert.</span> <span class='ocrx_word' id='word_1_184' title='bbox 893 2717 1067 2783; x_wconf 82' lang='lat' dir='ltr'>Praeterea</span> <span class='ocrx_word' id='word_1_185' title='bbox 1096 2716 1225 2783; x_wconf 87' lang='lat' dir='ltr'>codices</span> <span class='ocrx_word' id='word_1_186' title='bbox 1254 2715 1387 2800; x_wconf 85' lang='lat' dir='ltr'>quidum</span> <span class='ocrx_word' id='word_1_187' title='bbox 1414 2714 1456 2779; x_wconf 87' lang='lat' dir='ltr'>ab</span> 
     </span>
     <span class='ocr_line' id='line_1_24' title="bbox 296 2818 1456 2902; baseline -0.003 -17"><span class='ocrx_word' id='word_1_188' title='bbox 296 2818 456 2886; x_wconf 88' lang='lat' dir='ltr'>Urbinate</span> <span class='ocrx_word' id='word_1_189' title='bbox 473 2819 630 2901; x_wconf 86' lang='lat' dir='ltr'>originem</span> <span class='ocrx_word' id='word_1_190' title='bbox 647 2826 822 2900; x_wconf 86' lang='lat' dir='ltr'>traxerunt,</span> <span class='ocrx_word' id='word_1_191' title='bbox 842 2821 898 2902; x_wconf 91' lang='lat' dir='ltr'>qui</span> <span class='ocrx_word' id='word_1_192' title='bbox 913 2820 1016 2884; x_wconf 87' lang='lat' dir='ltr'>solam</span> <span class='ocrx_word' id='word_1_193' title='bbox 1032 2820 1209 2885; x_wconf 86' lang='lat' dir='ltr'>orationem</span> <span class='ocrx_word' id='word_1_194' title='bbox 1226 2819 1456 2884; x_wconf 88' lang='lat' dir='ltr'>Demoniceam</span> 
     </span>
     <span class='ocr_line' id='line_1_25' title="bbox 297 2921 1457 3016; baseline -0.004 -29"><span class='ocrx_word' id='word_1_195' title='bbox 297 2922 472 3003; x_wconf 91' lang='lat' dir='ltr'>continent,</span> <span class='ocrx_word' id='word_1_196' title='bbox 496 2923 579 2987; x_wconf 88' lang='lat' dir='ltr'>inter</span> <span class='ocrx_word' id='word_1_197' title='bbox 601 2942 682 3006; x_wconf 89' lang='lat' dir='ltr'>quos</span> <span class='ocrx_word' id='word_1_198' title='bbox 704 2929 832 3006; x_wconf 90' lang='lat' dir='ltr'>praeter</span> <span class='ocrx_word' id='word_1_199' title='bbox 848 2921 994 2988; x_wconf 90' lang='lat' dir='ltr'>codicem</span> <span class='ocrx_word' id='word_1_200' title='bbox 1009 2922 1226 3016; x_wconf 83' lang='lat' dir='ltr'>Borbonicum</span> <span class='ocrx_word' id='word_1_201' title='bbox 1241 2923 1295 2998; x_wconf 80' lang='lat' dir='ltr'>(R)</span> <span class='ocrx_word' id='word_1_202' title='bbox 1309 2921 1457 3002; x_wconf 87' lang='lat' dir='ltr'>aliosque</span> 
     </span>
     <span class='ocr_line' id='line_1_26' title="bbox 296 3023 1456 3107; baseline -0.002 -19"><span class='ocrx_word' id='word_1_203' title='bbox 296 3023 396 3089; x_wconf 90' lang='lat' dir='ltr'>libros</span> <span class='ocrx_word' id='word_1_204' title='bbox 426 3043 524 3107; x_wconf 86' lang='lat' dir='ltr'>supra</span> <span class='ocrx_word' id='word_1_205' title='bbox 552 3025 669 3090; x_wconf 85' lang='lat' dir='ltr'>allatos</span> <span class='ocrx_word' id='word_1_206' title='bbox 700 3024 846 3090; x_wconf 89' lang='lat' dir='ltr'>codicem</span> <span class='ocrx_word' id='word_1_207' title='bbox 875 3029 907 3086; x_wconf 89' lang='grc' dir='ltr'><em>Ζ</em></span> <span class='ocrx_word' id='word_1_208' title='bbox 932 3025 1073 3106; x_wconf 89' lang='lat' dir='ltr'>nomino,</span> <span class='ocrx_word' id='word_1_209' title='bbox 1111 3025 1201 3091; x_wconf 89' lang='lat' dir='ltr'>cuius</span> <span class='ocrx_word' id='word_1_210' title='bbox 1229 3025 1263 3088; x_wconf 92' lang='lat' dir='ltr'>in</span> <span class='ocrx_word' id='word_1_211' title='bbox 1291 3023 1369 3087; x_wconf 89' lang='lat' dir='ltr'>or.I</span> <span class='ocrx_word' id='word_1_212' title='bbox 1390 3041 1456 3086; x_wconf 87' lang='lat' dir='ltr'>me·</span> 
     </span>
     <span class='ocr_line' id='line_1_27' title="bbox 296 3125 1456 3209; baseline 0 -20"><span class='ocrx_word' id='word_1_213' title='bbox 296 3125 400 3191; x_wconf 84' lang='lat' dir='ltr'>moria</span> <span class='ocrx_word' id='word_1_214' title='bbox 423 3144 464 3190; x_wconf 88' lang='lat' dir='ltr'>ex</span> <span class='ocrx_word' id='word_1_215' title='bbox 480 3126 636 3192; x_wconf 83' lang='lat' dir='ltr'>Urbinute</span> <span class='ocrx_word' id='word_1_216' title='bbox 659 3125 761 3192; x_wconf 88' lang='lat' dir='ltr'>fluxit.</span> <span class='ocrx_word' id='word_1_217' title='bbox 807 3125 873 3192; x_wconf 89' lang='lat' dir='ltr'>Sed</span> <span class='ocrx_word' id='word_1_218' title='bbox 896 3146 969 3192; x_wconf 92' lang='lat' dir='ltr'>cum</span> <span class='ocrx_word' id='word_1_219' title='bbox 993 3127 1098 3193; x_wconf 85' lang='lat' dir='ltr'>codex</span> <span class='ocrx_word' id='word_1_220' title='bbox 1124 3128 1153 3189; x_wconf 85' lang='grc' dir='ltr'>Θ</span> <span class='ocrx_word' id='word_1_221' title='bbox 1177 3127 1245 3192; x_wconf 90' lang='lat' dir='ltr'>sine</span> <span class='ocrx_word' id='word_1_222' title='bbox 1268 3126 1456 3209; x_wconf 89' lang='lat' dir='ltr'>propinquis</span> 
     </span>
     <span class='ocr_line' id='line_1_28' title="bbox 297 3219 1457 3312; baseline -0.003 -18"><span class='ocrx_word' id='word_1_223' title='bbox 297 3230 349 3312; x_wconf 91' lang='lat' dir='ltr'>sit,</span> <span class='ocrx_word' id='word_1_224' title='bbox 371 3229 434 3294; x_wconf 90' lang='lat' dir='ltr'>nisi</span> <span class='ocrx_word' id='word_1_225' title='bbox 458 3228 547 3312; x_wconf 91' lang='lat' dir='ltr'>quod</span> <span class='ocrx_word' id='word_1_226' title='bbox 567 3222 694 3312; x_wconf 88' lang='lat' dir='ltr'>‘copiae</span> <span class='ocrx_word' id='word_1_227' title='bbox 709 3219 922 3296; x_wconf 82' lang='lat' dir='ltr'>Victorianae&#39;</span> <span class='ocrx_word' id='word_1_228' title='bbox 949 3230 983 3292; x_wconf 94' lang='lat' dir='ltr'>in</span> <span class='ocrx_word' id='word_1_229' title='bbox 1005 3241 1050 3294; x_wconf 79' lang='lat' dir='ltr'>or.</span> <span class='ocrx_word' id='word_1_230' title='bbox 1065 3228 1111 3294; x_wconf 94' lang='lat' dir='ltr'>IV</span> <span class='ocrx_word' id='word_1_231' title='bbox 1131 3227 1263 3310; x_wconf 91' lang='lat' dir='ltr'>quidem</span> <span class='ocrx_word' id='word_1_232' title='bbox 1285 3228 1328 3293; x_wconf 86' lang='lat' dir='ltr'>ad</span> <span class='ocrx_word' id='word_1_233' title='bbox 1350 3228 1457 3310; x_wconf 91' lang='lat' dir='ltr'>ipsum</span> 
     </span>
     <span class='ocr_line' id='line_1_29' title="bbox 297 3329 1457 3414; baseline -0.003 -19"><span class='ocrx_word' id='word_1_234' title='bbox 297 3329 443 3396; x_wconf 90' lang='lat' dir='ltr'>codicem</span> <span class='ocrx_word' id='word_1_235' title='bbox 469 3332 499 3392; x_wconf 83' lang='grc' dir='ltr'>Θ</span> <span class='ocrx_word' id='word_1_236' title='bbox 522 3330 711 3396; x_wconf 84' lang='lat' dir='ltr'>referendae</span> <span class='ocrx_word' id='word_1_237' title='bbox 734 3337 816 3412; x_wconf 90' lang='lat' dir='ltr'>sunt,</span> <span class='ocrx_word' id='word_1_238' title='bbox 846 3331 888 3395; x_wconf 87' lang='lat' dir='ltr'>ud</span> <span class='ocrx_word' id='word_1_239' title='bbox 912 3330 1059 3398; x_wconf 91' lang='lat' dir='ltr'>codicem</span> <span class='ocrx_word' id='word_1_240' title='bbox 1081 3337 1120 3394; x_wconf 89' lang='lat' dir='ltr'><em>A</em></span> <span class='ocrx_word' id='word_1_241' title='bbox 1142 3331 1289 3414; x_wconf 87' lang='lat' dir='ltr'>plerique</span> <span class='ocrx_word' id='word_1_242' title='bbox 1311 3329 1387 3394; x_wconf 90' lang='lat' dir='ltr'>libri</span> <span class='ocrx_word' id='word_1_243' title='bbox 1408 3347 1457 3393; x_wconf 90' lang='lat' dir='ltr'>re·</span> 
     </span>
     <span class='ocr_line' id='line_1_30' title="bbox 296 3432 1457 3516; baseline -0.001 -20"><span class='ocrx_word' id='word_1_244' title='bbox 296 3433 456 3498; x_wconf 91' lang='lat' dir='ltr'>centiores</span> <span class='ocrx_word' id='word_1_245' title='bbox 477 3432 713 3513; x_wconf 87' lang='lat' dir='ltr'>regrediuntur,</span> <span class='ocrx_word' id='word_1_246' title='bbox 737 3451 779 3496; x_wconf 85' lang='lat' dir='ltr'>ex</span> <span class='ocrx_word' id='word_1_247' title='bbox 802 3435 919 3516; x_wconf 92' lang='lat' dir='ltr'>quibus</span> <span class='ocrx_word' id='word_1_248' title='bbox 942 3433 1087 3500; x_wconf 91' lang='lat' dir='ltr'>codicem</span> <span class='ocrx_word' id='word_1_249' title='bbox 1110 3432 1142 3502; x_wconf 84' lang='grc' dir='ltr'><em>Ξ</em></span> <span class='ocrx_word' id='word_1_250' title='bbox 1163 3441 1195 3498; x_wconf 90' lang='lat' dir='ltr'>et</span> <span class='ocrx_word' id='word_1_251' title='bbox 1223 3432 1299 3498; x_wconf 90' lang='lat' dir='ltr'>inde</span> <span class='ocrx_word' id='word_1_252' title='bbox 1321 3432 1363 3497; x_wconf 90' lang='lat' dir='ltr'>ab</span> <span class='ocrx_word' id='word_1_253' title='bbox 1387 3451 1457 3497; x_wconf 86' lang='lat' dir='ltr'>ora·</span> 
     </span>
    </p>
   </div>
   <div class='ocr_carea' id='block_1_5' title="bbox 185 3533 1595 3719">
    <p class='ocr_par' dir='ltr' id='par_1_5' title="bbox 185 3533 1595 3719">
     <span class='ocr_line' id='line_1_31' title="bbox 185 3533 1462 3618; baseline -0.002 -20"><span class='ocrx_word' id='word_1_254' title='bbox 185 3549 188 3558; x_wconf 83' lang='grc'><strong>’</strong></span> <span class='ocrx_word' id='word_1_255' title='bbox 297 3534 386 3598; x_wconf 89' lang='lat' dir='ltr'>tione</span> <span class='ocrx_word' id='word_1_256' title='bbox 408 3533 457 3598; x_wconf 93' lang='lat' dir='ltr'>III</span> <span class='ocrx_word' id='word_1_257' title='bbox 479 3533 626 3599; x_wconf 85' lang='lat' dir='ltr'>codicem</span> <span class='ocrx_word' id='word_1_258' title='bbox 648 3538 680 3595; x_wconf 87' lang='lat' dir='ltr'><em>Z</em></span> <span class='ocrx_word' id='word_1_259' title='bbox 700 3537 848 3617; x_wconf 87' lang='lat' dir='ltr'>tractavi,</span> <span class='ocrx_word' id='word_1_260' title='bbox 871 3537 926 3618; x_wconf 92' lang='lat' dir='ltr'>qui</span> <span class='ocrx_word' id='word_1_261' title='bbox 949 3537 982 3600; x_wconf 92' lang='lat' dir='ltr'>in</span> <span class='ocrx_word' id='word_1_262' title='bbox 1005 3556 1050 3602; x_wconf 90' lang='lat' dir='ltr'>or.</span> <span class='ocrx_word' id='word_1_263' title='bbox 1066 3535 1099 3600; x_wconf 93' lang='lat' dir='ltr'>Il</span> <span class='ocrx_word' id='word_1_264' title='bbox 1121 3556 1193 3602; x_wconf 91' lang='lat' dir='ltr'>cum</span> <span class='ocrx_word' id='word_1_265' title='bbox 1209 3535 1374 3601; x_wconf 91' lang='lat' dir='ltr'>codicibus</span> <span class='ocrx_word' id='word_1_266' title='bbox 1390 3537 1462 3597; x_wconf 84' lang='lat' dir='ltr'>HN</span> 
     </span>
     <span class='ocr_line' id='line_1_32' title="bbox 297 3635 1595 3719; baseline -0.005 -19"><span class='ocrx_word' id='word_1_267' title='bbox 297 3635 511 3702; x_wconf 85' lang='lat' dir='ltr'>conferendus</span> <span class='ocrx_word' id='word_1_268' title='bbox 541 3643 599 3702; x_wconf 90' lang='lat' dir='ltr'>cst.</span> <span class='ocrx_word' id='word_1_269' title='bbox 644 3635 708 3714; x_wconf 80' lang='lat' dir='ltr'>Qui</span> <span class='ocrx_word' id='word_1_270' title='bbox 737 3639 812 3702; x_wconf 90' lang='lat' dir='ltr'>libri</span> <span class='ocrx_word' id='word_1_271' title='bbox 841 3641 924 3713; x_wconf 85' lang='lat' dir='ltr'>(HN</span> <span class='ocrx_word' id='word_1_272' title='bbox 927 3651 936 3712; x_wconf 75' lang='lat' dir='ltr'>t</span> <span class='ocrx_word' id='word_1_273' title='bbox 970 3659 1042 3704; x_wconf 91' lang='lat' dir='ltr'>cum</span> <span class='ocrx_word' id='word_1_274' title='bbox 1076 3639 1189 3704; x_wconf 91' lang='lat' dir='ltr'>codice</span> <span class='ocrx_word' id='word_1_275' title='bbox 1212 3643 1251 3700; x_wconf 88' lang='lat' dir='ltr'><em>A</em></span> <span class='ocrx_word' id='word_1_276' title='bbox 1279 3636 1458 3719; x_wconf 85' lang='lat' dir='ltr'>comparati</span> <span class='ocrx_word' id='word_1_277' title='bbox 1546 3679 1550 3690; x_wconf 93' lang='lat'><em>.</em></span> <span class='ocrx_word' id='word_1_278' title='bbox 1594 3655 1595 3694; x_wconf 70' lang='lat'>1</span> 
     </span>
    </p>
   </div>
   <div class='ocr_carea' id='block_1_6' title="bbox 296 3738 1458 3919">
    <p class='ocr_par' dir='ltr' id='par_1_6' title="bbox 296 3738 1458 3919">
     <span class='ocr_line' id='line_1_33' title="bbox 296 3738 1458 3824; baseline 0.002 -22"><span class='ocrx_word' id='word_1_279' title='bbox 296 3738 397 3804; x_wconf 86' lang='lat' dir='ltr'>libros</span> <span class='ocrx_word' id='word_1_280' title='bbox 431 3740 664 3806; x_wconf 88' lang='lat' dir='ltr'>contaminatos</span> <span class='ocrx_word' id='word_1_281' title='bbox 699 3739 879 3824; x_wconf 86' lang='lat' dir='ltr'>ediderunt,</span> <span class='ocrx_word' id='word_1_282' title='bbox 918 3761 1053 3824; x_wconf 90' lang='lat' dir='ltr'>quorum</span> <span class='ocrx_word' id='word_1_283' title='bbox 1087 3742 1237 3824; x_wconf 89' lang='lat' dir='ltr'>princeps</span> <span class='ocrx_word' id='word_1_284' title='bbox 1271 3747 1320 3806; x_wconf 86' lang='lat' dir='ltr'>est</span> <span class='ocrx_word' id='word_1_285' title='bbox 1352 3739 1458 3806; x_wconf 83' lang='lat' dir='ltr'>codex</span> 
     </span>
     <span class='ocr_line' id='line_1_34' title="bbox 297 3839 1458 3919; baseline 0.002 -14"><span class='ocrx_word' id='word_1_286' title='bbox 297 3839 371 3905; x_wconf 88' lang='lat' dir='ltr'>Par.</span> <span class='ocrx_word' id='word_1_287' title='bbox 391 3839 454 3918; x_wconf 54' lang='lat' dir='ltr'>Ti)</span> <span class='ocrx_word' id='word_1_288' title='bbox 491 3839 662 3919; x_wconf 84' lang='lat' dir='ltr'>Quomodo</span> <span class='ocrx_word' id='word_1_289' title='bbox 678 3863 751 3909; x_wconf 92' lang='lat' dir='ltr'>cum</span> <span class='ocrx_word' id='word_1_290' title='bbox 767 3844 916 3910; x_wconf 91' lang='lat' dir='ltr'>codicum</span> <span class='ocrx_word' id='word_1_291' title='bbox 931 3843 1165 3910; x_wconf 84' lang='lat' dir='ltr'>Isocratco&#39;rum</span> <span class='ocrx_word' id='word_1_292' title='bbox 1184 3843 1458 3910; x_wconf 87' lang='lat' dir='ltr'>necessitudinem</span> 
     </span>
    </p>
   </div>
   <div class='ocr_carea' id='block_1_7' title="bbox 296 3944 1458 4042">
    <p class='ocr_par' dir='ltr' id='par_1_7' title="bbox 296 3944 1458 4042">
     <span class='ocr_line' id='line_1_35' title="bbox 296 3944 1458 4042; baseline 0.003 -34"><span class='ocrx_word' id='word_1_293' title='bbox 296 3944 440 4009; x_wconf 88' lang='lat' dir='ltr'>breviter</span> <span class='ocrx_word' id='word_1_294' title='bbox 455 3946 669 4026; x_wconf 87' lang='lat' dir='ltr'>exposuerim,</span> <span class='ocrx_word' id='word_1_295' title='bbox 693 3945 754 4012; x_wconf 92' lang='lat' dir='ltr'>boc</span> <span class='ocrx_word' id='word_1_296' title='bbox 777 3947 864 4028; x_wconf 91' lang='lat' dir='ltr'>quod</span> <span class='ocrx_word' id='word_1_297' title='bbox 885 3947 1002 4012; x_wconf 89' lang='lat' dir='ltr'>dicitur</span> <span class='ocrx_word' id='word_1_298' title='bbox 1024 3953 1194 4012; x_wconf 86' lang='lat' dir='ltr'>stemmate</span> <span class='ocrx_word' id='word_1_299' title='bbox 1209 3947 1311 4012; x_wconf 87' lang='lat' dir='ltr'>oeulis</span> <span class='ocrx_word' id='word_1_300' title='bbox 1327 3965 1458 4042; x_wconf 87' lang='lat' dir='ltr'>quoque</span> 
     </span>
    </p>
   </div>
   <div class='ocr_carea' id='block_1_8' title="bbox 384 4077 1122 4234">
    <p class='ocr_par' dir='ltr' id='par_1_8' title="bbox 384 4077 1122 4234">
     <span class='ocr_line' id='line_1_36' title="bbox 386 4077 1122 4150; baseline 0.007 -21"><span class='ocrx_word' id='word_1_301' title='bbox 386 4083 410 4142; x_wconf 81' lang='lat'>1)</span> <span class='ocrx_word' id='word_1_302' title='bbox 428 4078 463 4132; x_wconf 87' lang='lat' dir='ltr'>cl.</span> <span class='ocrx_word' id='word_1_303' title='bbox 483 4078 640 4148; x_wconf 87' lang='lat' dir='ltr'>Keuyonem</span> <span class='ocrx_word' id='word_1_304' title='bbox 659 4095 779 4148; x_wconf 90' lang='lat' dir='ltr'>quoque:</span> <span class='ocrx_word' id='word_1_305' title='bbox 799 4077 930 4135; x_wconf 81' lang='lat' dir='ltr'>Classical</span> <span class='ocrx_word' id='word_1_306' title='bbox 947 4083 1020 4136; x_wconf 86' lang='lat' dir='ltr'>texts</span> <span class='ocrx_word' id='word_1_307' title='bbox 1038 4097 1066 4150; x_wconf 90' lang='lat' dir='ltr'>p.</span> <span class='ocrx_word' id='word_1_308' title='bbox 1080 4084 1122 4136; x_wconf 82' lang='lat' dir='ltr'>bl.</span> 
     </span>
     <span class='ocr_line' id='line_1_37' title="bbox 384 4161 856 4234; baseline 0.013 -20"><span class='ocrx_word' id='word_1_309' title='bbox 384 4165 409 4229; x_wconf 79' lang='lat'>2)</span> <span class='ocrx_word' id='word_1_310' title='bbox 427 4161 463 4216; x_wconf 85' lang='lat' dir='ltr'>cf.</span> <span class='ocrx_word' id='word_1_311' title='bbox 481 4164 648 4219; x_wconf 84' lang='lat' dir='ltr'>Buermann.</span> <span class='ocrx_word' id='word_1_312' title='bbox 666 4163 703 4218; x_wconf 92' lang='lat'>11.</span> <span class='ocrx_word' id='word_1_313' title='bbox 722 4181 748 4234; x_wconf 90' lang='lat' dir='ltr'>p.</span> <span class='ocrx_word' id='word_1_314' title='bbox 770 4166 856 4234; x_wconf 66' lang='grc'>13115.</span> 
     </span>
    </p>
   </div>
   <div class='ocr_carea' id='block_1_9' title="bbox 0 0 1604 4974">
    <p class='ocr_par' dir='ltr' id='par_1_9' title="bbox 0 0 1604 4974">
     <span class='ocr_line' id='line_1_38' title="bbox 0 0 1604 4974; baseline 0 1"><span class='ocrx_word' id='word_1_315' title='bbox 0 0 1604 4974; x_wconf 95' lang='lat' dir='ltr'> </span> 
     </span>
    </p>
   </div>
  </div>
 </body>
</html>
