3170 4984
322 375 386 434 310
757 377 960 434 Maximum
977 375 1058 432 nid

409 553 440 614 Γ
439 547 520 636 ήρας
536 547 571 615 δὲ
586 543 661 632 μετ’
682 543 783 616 αἰτόν
805 546 823 616 ό
848 548 1087 637 Καρχηδόνιος,

173 673 228 720 Λα.
242 687 264 730 ρ.
280 676 311 719 ιι.
325 645 513 734 όπότροχον
527 651 676 740 ποιήσας
695 653 700 736 Ι
721 650 865 734 σχεδίαν,
888 648 1048 739 [ἐπέθηκε
1062 644 1219 738 πλάγιον]
1235 648 1293 716 τόν
1308 650 1404 734 κριόν
1419 647 1485 740 [καὶ

322 746 381 819 οίκ
403 751 440 832 ἐξ
460 747 701 820 άντισπάστων
723 752 839 835 εἷλκεν,
863 746 939 818 ἀλλ’
966 748 1033 818 όπό
1050 751 1208 841 πλήθους
1222 746 1356 838 ἀνδρῶν
1368 777 1484 839 προω-

321 852 501 943 θυόμενον]
517 853 658 944 ἐποίησέ
672 881 706 922 τι
722 852 909 942 δπότροχον
925 858 947 937 †
961 857 1015 938 (απ
1028 854 1270 940 βυρσότονονλ)
1291 860 1484 940 σκέπασμα.

407 1079 438 1139 Γ
435 1073 518 1162 ήρας
546 1075 582 1142 δὲ
611 1080 747 1161 πρῶτος
775 1072 792 1143 ό
824 1072 930 1160 εόρών
960 1074 1018 1143 διά
1040 1074 1100 1164 τήν
1121 1075 1315 1165 βραδίτητα
1335 1077 1484 1165 χελιόνην

321 1175 595 1262 προςηγόρευσεν.

405 1294 526 1381 (Μετὰ
541 1299 648 1362 ταῐτα
663 1297 699 1363 δὲ
716 1296 882 1385 ἐποίησάν
903 1322 992 1375 τινες
1014 1296 1071 1364 ἐπὶ
1094 1299 1277 1385 κυλίνδρων
1299 1299 1485 1382 προωθού-

320 1421 420 1481 μενον
442 1395 501 1466 τδν
524 1397 617 1484 κριόν
640 1401 696 1464 καὶ
720 1391 826 1476 οότως
849 1397 1020 1482 ἒχριῑντο).

403 1492 575 1567 Ἐπίδοσιν
605 1500 642 1566 δὲ
665 1499 782 1584 ἔλαβεν
804 1496 824 1588 ή
847 1500 984 1588 τοιαίτη
1008 1507 1239 1587 μηχανοποιία
1261 1505 1359 1569 πᾶσα
1380 1502 1484 1590 (κατὰ

320 1599 381 1689 τήν
402 1607 587 1670 Διονυσίου
609 1605 670 1669 τοῦ
692 1602 893 1669 Σικελιώτου
916 1602 1116 1686 τυραννίδα>

406 1719 491 1786 κατά
513 1745 550 1786 τε
571 1719 632 1807 τήν
656 1722 835 1787 Φιλίππου
858 1724 919 1788 τοῦ
936 1714 1099 1804 Ἀμί-ντου
1120 1723 1308 1808 βασιλείαν,
1330 1721 1388 1789 ὅτε
1403 1721 1484 1789 ίπο·

322 1821 448 1906 λιόρκει
471 1821 673 1902 Βυζαντίοις
697 1824 887 1901 Φίλιππος.
925 1817 1089 1912 Είημέρει
1105 1824 1141 1890 δὲ
1164 1827 1205 1910 τῇ
1227 1822 1365 1911 τοιαότῃ
1390 1829 1483 1911 τέχνῃ

321 1923 509 2001 Πολύειδος
531 1920 548 1990 ό
569 1925 748 2010 Θετταλός,
772 1919 811 1992 οὗ
833 1926 867 1992 οί
888 1929 1045 2014 μαθηταὶ
1069 1925 1367 2007 συνεστρατεύοντο
1390 1919 1483 1992 Ἀλε-

322 2023 462 2111 ξάνδρῳ,
484 2026 616 2113 Διάδης
638 2028 695 2092 καὶ
717 2033 861 2112 Χαρίας.

405 2143 536 2234 Διάδης
550 2145 611 2229 μὲν
627 2131 685 2212 οόν
701 2138 802 2224 αότός
818 2169 921 2234 φησιν
938 2145 972 2212 ἓν
987 2149 1036 2232 τῴ
1057 2149 1228 2232 μηχανικηό
1251 2145 1483 2232 συγγράμματι

323 2240 495 2334 εὑρηκέναι
516 2247 594 2326 τοός
616 2273 654 2314 τε
676 2246 845 2336 φορητοός
867 2247 1015 2334 πύργοις

321 2453 378 2518 καὶ
406 2449 444 2518 τό
480 2450 656 2538 λεγόμενον
690 2449 861 2538 τρύπανον
895 2454 951 2518 καὶ
980 2451 1038 2520 τόν
1070 2451 1198 2540 κόρακα
1230 2455 1287 2520 καὶ
1315 2450 1376 2538 τήν
1408 2450 1482 2519 ἐπι·

320 2551 466 2638 βάθραν.

174 2797 309 2854 Δάμιν.
407 2767 540 2860 Ἐχρᾶτο
560 2773 565 2858 Ι
586 2773 621 2840 δὲ
643 2777 699 2842 καὶ
722 2777 770 2862 τηό
797 2769 974 2862 δποτρόχην
1002 2776 1094 2860 κριηλ.
1148 2772 1280 2862 Γράφει
1310 2776 1391 2860 γοῦν
1426 2773 1481 2864 τήν

321 2874 525 2962 κατασκευήν
549 2869 651 2944 αὐτοῦ
674 2868 796 2954 οότως·

412 3095 478 3164 Τὸν
507 3097 567 3180 μὲν
597 3083 655 3162 οόυ
677 3096 805 3182 πόρνον
828 3093 885 3162 τόν
909 3094 1099 3180 ἐλάχιστον,
1130 3096 1303 3193 φησί-δεῖ
1323 3101 1481 3183 γενέσθαι

320 3195 358 3264 τό
376 3189 465 3284 όψος
481 3183 661 3286 πηχιῦυῖ
676 3197 713 3266 τὸ
732 3198 767 3264 δὲ
785 3196 914 3276 πλάτος
930 3197 1047 3280 ἔχοντα
1069 3198 1189 3286 πήχεις
1210 3204 1268 3281 ΙΖ,
1291 3197 1480 3288 συναγωγήν

322 3298 358 3366 δὲ
373 3303 432 3366 τοῦ
448 3299 598 3378 πλάτους
614 3300 662 3378 εἰς
677 3299 714 3367 τό
737 3295 806 3365 άυω
830 3297 867 3367 τό
892 3304 1050 3384 πέμπτον
1072 3305 1186 3386 μέρος·
1209 3304 1275 3367 τῶν
1298 3300 1335 3367 δὲ
1359 3301 1480 3367 σκελιῦν

320 3405 380 3468 τοῦ
406 3398 534 3488 πόργου
556 3402 599 3469 τόν
622 3401 712 3492 πάχη
736 3401 821 3484 ἐ’χειν
843 3401 998 3470 κάτωθεν
1021 3402 1262 3488 τριπάλαιστα,
1288 3397 1425 3469 άνωθεν
1447 3401 1481 3468 δὲ

321 3501 566 3571 ἕπταδάκυυλα.
619 3498 762 3591 Ἐγένετο
798 3503 833 3570 δὲ
868 3495 959 3590 αότηό
992 3498 1010 3570 ό
1041 3506 1233 3592 τηλικοῦτος
1275 3502 1479 3591 δεκάοτεγος,

321 3611 536 3694 περιπτέρου
553 3602 653 3695 οὔσης
669 3605 809 3694 ἑκάστης
822 3604 942 3689 χώρας.
1556 3673 1557 3680 χ

404 3704 439 3774 Ὁ
466 3707 501 3774 δὲ
527 3713 684 3796 μέγιστος
708 3701 968 3804 αότῶν-τῄρχος
990 3706 1027 3774 τό
1052 3711 1155 3794 μήκος
1179 3703 1245 3790 είχε
1267 3705 1386 3796 πήχεις
1407 3693 1480 3787 ff,

171 3823 223 3870 ια.
238 3837 259 3882 p.
275 3825 307 3870 νι.
322 3805 358 3874 τό
377 3807 413 3874 δὲ
432 3809 437 3894 Ι
457 3809 587 3888 πλάτος
605 3807 671 3892 εἶχε
686 3803 804 3898 πήχεις
826 3815 889 3874 ΚΓ
891 3808 917 3875 C
923 3827 930 3842 ·
954 3807 1013 3898 τήν
1030 3809 1065 3875 δὲ
1089 3808 1280 3896 συναγωγήν
1302 3811 1359 3876 καὶ
1384 3802 1478 3886 αὐτὸς

321 3905 359 3976 τὸ
384 3914 541 3995 πέμπτον
564 3911 750 3996 ἐλάμβανεν
774 3910 821 3988 εἰς
844 3910 886 3977 τὰ
909 3909 978 3977 άνω
1001 3915 1118 3998 μέρος·
1147 3914 1214 3977 τῶν
1238 3911 1274 3978 δὲ
1290 3912 1417 3978 σκελῶν
1439 3909 1477 3978 τὰ

321 4010 411 4096 πάχη
435 4013 578 4080 ποδιαῖα
600 4011 693 4098 (καὶ)
714 4011 868 4080 κάτωθεν
886 4011 1113 4100 (τετράγωνα)
1129 4012 1177 4091 εἰς
1193 4011 1229 4091 ἓξ
1244 4012 1425 4092 δακτύλους
1441 4011 1474 4080 τό

322 4116 391 4180 πάν
414 4114 622 4201 συναγόμενα
645 4113 702 4182 ἐπὶ
726 4112 768 4181 τὰ
793 4109 871 4181 άνω.
