<?xml version="1.0" encoding="UTF-8"?>
<!DOCTYPE html PUBLIC "-//W3C//DTD XHTML 1.0 Transitional//EN"
    "http://www.w3.org/TR/xhtml1/DTD/xhtml1-transitional.dtd">
<html xmlns="http://www.w3.org/1999/xhtml" xml:lang="en" lang="en">
 <head>
  <title>
</title>
<meta http-equiv="Content-Type" content="text/html;charset=utf-8" />
  <meta name='ocr-system' content='tesseract 3.04.00' />
  <meta name='ocr-capabilities' content='ocr_page ocr_carea ocr_par ocr_line ocrx_word'/>
</head>
<body>
  <div class='ocr_page' id='page_1' title='image "./leipzigerstudie00curtgoog_0017.png"; bbox 0 0 3318 4970; ppageno 0'>
   <div class='ocr_carea' id='block_1_1' title="bbox 682 1329 872 1398">
    <p class='ocr_par' dir='ltr' id='par_1_1' title="bbox 682 1329 872 1398">
     <span class='ocr_line' id='line_1_1' title="bbox 682 1329 872 1398; baseline -0.011 0"><span class='ocrx_word' id='word_1_1' title='bbox 682 1329 825 1398; x_wconf 79' lang='lat' dir='ltr'>CAPUT</span> <span class='ocrx_word' id='word_1_2' title='bbox 847 1332 872 1397; x_wconf 93' lang='grc' dir='ltr'>Ι.</span> 
     </span>
    </p>
   </div>
   <div class='ocr_carea' id='block_1_2' title="bbox 277 1477 1274 1580">
    <p class='ocr_par' dir='ltr' id='par_1_2' title="bbox 277 1477 1274 1580">
     <span class='ocr_line' id='line_1_2' title="bbox 277 1477 1274 1580; baseline 0.002 -25"><span class='ocrx_word' id='word_1_3' title='bbox 277 1477 335 1557; x_wconf 75' lang='lat' dir='ltr'>cc</span> <span class='ocrx_word' id='word_1_4' title='bbox 362 1482 504 1580; x_wconf 75' lang='lat' dir='ltr'>eripite</span> <span class='ocrx_word' id='word_1_5' title='bbox 530 1487 568 1557; x_wconf 84' lang='lat' dir='ltr'>ci</span> <span class='ocrx_word' id='word_1_6' title='bbox 591 1481 793 1560; x_wconf 67' lang='lat' dir='ltr'>nemoribus</span> <span class='ocrx_word' id='word_1_7' title='bbox 820 1481 973 1580; x_wconf 68' lang='lat' dir='ltr'>legionis</span> <span class='ocrx_word' id='word_1_8' title='bbox 998 1480 1034 1557; x_wconf 90' lang='lat' dir='ltr'>I.</span> <span class='ocrx_word' id='word_1_9' title='bbox 1061 1481 1274 1560; x_wconf 73' lang='lat' dir='ltr'><em>Adiutricis.</em></span> 
     </span>
    </p>
   </div>
   <div class='ocr_carea' id='block_1_3' title="bbox 515 1669 1040 1754">
    <p class='ocr_par' dir='ltr' id='par_1_3' title="bbox 515 1669 1040 1754">
     <span class='ocr_line' id='line_1_3' title="bbox 515 1669 1040 1754; baseline 0.004 -20"><span class='ocrx_word' id='word_1_10' title='bbox 515 1673 542 1735; x_wconf 89' lang='lat'>1.</span> <span class='ocrx_word' id='word_1_11' title='bbox 573 1669 629 1736; x_wconf 90' lang='lat' dir='ltr'>De</span> <span class='ocrx_word' id='word_1_12' title='bbox 659 1671 820 1754; x_wconf 90' lang='lat' dir='ltr'>origine</span> <span class='ocrx_word' id='word_1_13' title='bbox 849 1670 1040 1753; x_wconf 85' lang='lat' dir='ltr'>legionis.</span> 
     </span>
    </p>
   </div>
   <div class='ocr_carea' id='block_1_4' title="bbox 195 1821 1353 3331">
    <p class='ocr_par' dir='ltr' id='par_1_4' title="bbox 195 1821 1353 3331">
     <span class='ocr_line' id='line_1_4' title="bbox 283 1821 1352 1908; baseline 0.005 -21"><span class='ocrx_word' id='word_1_14' title='bbox 283 1822 429 1905; x_wconf 84' lang='lat' dir='ltr'>Angusto</span> <span class='ocrx_word' id='word_1_15' title='bbox 452 1827 576 1888; x_wconf 92' lang='lat' dir='ltr'>mortno</span> <span class='ocrx_word' id='word_1_16' title='bbox 600 1821 714 1905; x_wconf 87' lang='lat' dir='ltr'>viginti</span> <span class='ocrx_word' id='word_1_17' title='bbox 737 1822 879 1906; x_wconf 89' lang='lat' dir='ltr'>quinque</span> <span class='ocrx_word' id='word_1_18' title='bbox 895 1823 1076 1906; x_wconf 83' lang='lat' dir='ltr'>legionibus</span> <span class='ocrx_word' id='word_1_19' title='bbox 1100 1825 1258 1891; x_wconf 86' lang='lat' dir='ltr'>exercitus</span> <span class='ocrx_word' id='word_1_20' title='bbox 1280 1844 1352 1908; x_wconf 90' lang='lat' dir='ltr'>per·</span> 
     </span>
     <span class='ocr_line' id='line_1_5' title="bbox 197 1920 1352 2010; baseline 0.003 -21"><span class='ocrx_word' id='word_1_21' title='bbox 197 1928 314 2008; x_wconf 83' lang='lat' dir='ltr'>petuas</span> <span class='ocrx_word' id='word_1_22' title='bbox 331 1920 538 2008; x_wconf 85' lang='lat' dir='ltr'>efficiebatur,</span> <span class='ocrx_word' id='word_1_23' title='bbox 561 1923 617 2007; x_wconf 88' lang='lat' dir='ltr'>qui</span> <span class='ocrx_word' id='word_1_24' title='bbox 632 1942 782 1989; x_wconf 87' lang='lat' dir='ltr'>numerus</span> <span class='ocrx_word' id='word_1_25' title='bbox 799 1925 954 2006; x_wconf 88' lang='lat' dir='ltr'>paulatim</span> <span class='ocrx_word' id='word_1_26' title='bbox 976 1930 1088 1992; x_wconf 87' lang='lat' dir='ltr'>auctus</span> <span class='ocrx_word' id='word_1_27' title='bbox 1110 1926 1156 1991; x_wconf 89' lang='lat' dir='ltr'>ita</span> <span class='ocrx_word' id='word_1_28' title='bbox 1178 1926 1352 2010; x_wconf 87' lang='lat' dir='ltr'>crescebat,</span> 
     </span>
     <span class='ocr_line' id='line_1_6' title="bbox 199 2024 1352 2109; baseline 0.002 -17"><span class='ocrx_word' id='word_1_29' title='bbox 199 2031 232 2092; x_wconf 90' lang='lat' dir='ltr'>nt</span> <span class='ocrx_word' id='word_1_30' title='bbox 253 2024 394 2092; x_wconf 91' lang='lat' dir='ltr'>secundo</span> <span class='ocrx_word' id='word_1_31' title='bbox 421 2025 551 2092; x_wconf 87' lang='lat' dir='ltr'>saeculo</span> <span class='ocrx_word' id='word_1_32' title='bbox 580 2025 710 2090; x_wconf 89' lang='lat' dir='ltr'>ineunte</span> <span class='ocrx_word' id='word_1_33' title='bbox 739 2025 870 2108; x_wconf 89' lang='lat' dir='ltr'>triginta</span> <span class='ocrx_word' id='word_1_34' title='bbox 898 2025 1043 2109; x_wconf 80' lang='lat' dir='ltr'>legiones</span> <span class='ocrx_word' id='word_1_35' title='bbox 1074 2025 1222 2109; x_wconf 81' lang='lat' dir='ltr'>essent.¹)</span> <span class='ocrx_word' id='word_1_36' title='bbox 1265 2029 1352 2096; x_wconf 87' lang='lat' dir='ltr'>Inter</span> 
     </span>
     <span class='ocr_line' id='line_1_7' title="bbox 197 2125 1351 2213; baseline 0.002 -19"><span class='ocrx_word' id='word_1_37' title='bbox 197 2146 264 2212; x_wconf 90' lang='lat' dir='ltr'>eas,</span> <span class='ocrx_word' id='word_1_38' title='bbox 287 2146 370 2210; x_wconf 89' lang='lat' dir='ltr'>quae</span> <span class='ocrx_word' id='word_1_39' title='bbox 393 2132 467 2210; x_wconf 88' lang='lat' dir='ltr'>post</span> <span class='ocrx_word' id='word_1_40' title='bbox 483 2125 617 2211; x_wconf 83' lang='lat' dir='ltr'>Augusti</span> <span class='ocrx_word' id='word_1_41' title='bbox 633 2126 762 2192; x_wconf 85' lang='lat' dir='ltr'>demum</span> <span class='ocrx_word' id='word_1_42' title='bbox 778 2133 918 2193; x_wconf 90' lang='lat' dir='ltr'>aetatem</span> <span class='ocrx_word' id='word_1_43' title='bbox 934 2135 1062 2195; x_wconf 82' lang='lat' dir='ltr'>creatae</span> <span class='ocrx_word' id='word_1_44' title='bbox 1077 2134 1160 2209; x_wconf 85' lang='lat' dir='ltr'>eunt,</span> <span class='ocrx_word' id='word_1_45' title='bbox 1183 2130 1243 2195; x_wconf 90' lang='lat' dir='ltr'>luit</span> <span class='ocrx_word' id='word_1_46' title='bbox 1264 2131 1351 2213; x_wconf 91' lang='lat' dir='ltr'>legio</span> 
     </span>
     <span class='ocr_line' id='line_1_8' title="bbox 196 2227 1351 2311; baseline 0.002 -17"><span class='ocrx_word' id='word_1_47' title='bbox 196 2229 221 2294; x_wconf 94' lang='grc' dir='ltr'>Ι.</span> <span class='ocrx_word' id='word_1_48' title='bbox 244 2227 406 2295; x_wconf 78' lang='lat' dir='ltr'>Adiutrix.</span> <span class='ocrx_word' id='word_1_49' title='bbox 442 2227 541 2296; x_wconf 78' lang='lat' dir='ltr'>Cuius</span> <span class='ocrx_word' id='word_1_50' title='bbox 571 2228 612 2295; x_wconf 89' lang='lat' dir='ltr'>de</span> <span class='ocrx_word' id='word_1_51' title='bbox 641 2229 764 2311; x_wconf 86' lang='lat' dir='ltr'>origine</span> <span class='ocrx_word' id='word_1_52' title='bbox 791 2227 943 2295; x_wconf 91' lang='lat' dir='ltr'>docemur</span> <span class='ocrx_word' id='word_1_53' title='bbox 965 2236 997 2295; x_wconf 90' lang='lat' dir='ltr'>et</span> <span class='ocrx_word' id='word_1_54' title='bbox 1018 2237 1183 2296; x_wconf 89' lang='lat' dir='ltr'>auctorum</span> <span class='ocrx_word' id='word_1_55' title='bbox 1206 2237 1351 2297; x_wconf 86' lang='lat' dir='ltr'>veterum</span> 
     </span>
     <span class='ocr_line' id='line_1_9' title="bbox 197 2330 1350 2417; baseline 0.003 -21"><span class='ocrx_word' id='word_1_56' title='bbox 197 2331 388 2398; x_wconf 87' lang='lat' dir='ltr'>testimoniis</span> <span class='ocrx_word' id='word_1_57' title='bbox 404 2336 436 2396; x_wconf 92' lang='lat' dir='ltr'>et</span> <span class='ocrx_word' id='word_1_58' title='bbox 450 2330 614 2414; x_wconf 89' lang='lat' dir='ltr'>legionum</span> <span class='ocrx_word' id='word_1_59' title='bbox 630 2331 741 2414; x_wconf 89' lang='lat' dir='ltr'>titulis,</span> <span class='ocrx_word' id='word_1_60' title='bbox 758 2349 838 2414; x_wconf 90' lang='lat' dir='ltr'>quos</span> <span class='ocrx_word' id='word_1_61' title='bbox 851 2331 1006 2416; x_wconf 84' lang='lat' dir='ltr'>praebent</span> <span class='ocrx_word' id='word_1_62' title='bbox 1017 2332 1144 2417; x_wconf 88' lang='lat' dir='ltr'>lapides</span> <span class='ocrx_word' id='word_1_63' title='bbox 1160 2334 1192 2397; x_wconf 94' lang='lat' dir='ltr'>in</span> <span class='ocrx_word' id='word_1_64' title='bbox 1205 2334 1350 2400; x_wconf 89' lang='lat' dir='ltr'>omnibus</span> 
     </span>
     <span class='ocr_line' id='line_1_10' title="bbox 196 2431 1353 2518; baseline 0.001 -20"><span class='ocrx_word' id='word_1_65' title='bbox 196 2431 264 2499; x_wconf 83' lang='lat' dir='ltr'>lere</span> <span class='ocrx_word' id='word_1_66' title='bbox 287 2432 414 2518; x_wconf 87' lang='lat' dir='ltr'>imperii</span> <span class='ocrx_word' id='word_1_67' title='bbox 436 2433 572 2499; x_wconf 90' lang='lat' dir='ltr'>Romani</span> <span class='ocrx_word' id='word_1_68' title='bbox 595 2433 739 2516; x_wconf 90' lang='lat' dir='ltr'>partibus</span> <span class='ocrx_word' id='word_1_69' title='bbox 761 2435 891 2517; x_wconf 89' lang='lat' dir='ltr'>reperti.</span> <span class='ocrx_word' id='word_1_70' title='bbox 930 2434 1036 2516; x_wconf 84' lang='lat' dir='ltr'>Atque</span> <span class='ocrx_word' id='word_1_71' title='bbox 1059 2433 1092 2499; x_wconf 89' lang='lat' dir='ltr'>id</span> <span class='ocrx_word' id='word_1_72' title='bbox 1116 2433 1246 2517; x_wconf 89' lang='lat' dir='ltr'>quidem</span> <span class='ocrx_word' id='word_1_73' title='bbox 1268 2435 1353 2501; x_wconf 87' lang='lat' dir='ltr'>inter</span> 
     </span>
     <span class='ocr_line' id='line_1_11' title="bbox 198 2534 1351 2616; baseline 0.003 -17"><span class='ocrx_word' id='word_1_74' title='bbox 198 2553 308 2601; x_wconf 87' lang='lat' dir='ltr'>omnes</span> <span class='ocrx_word' id='word_1_75' title='bbox 331 2539 455 2602; x_wconf 87' lang='lat' dir='ltr'>constat</span> <span class='ocrx_word' id='word_1_76' title='bbox 477 2534 560 2601; x_wconf 91' lang='lat' dir='ltr'>hanc</span> <span class='ocrx_word' id='word_1_77' title='bbox 581 2534 743 2616; x_wconf 89' lang='lat' dir='ltr'>legionem</span> <span class='ocrx_word' id='word_1_78' title='bbox 767 2555 851 2600; x_wconf 88' lang='lat' dir='ltr'>anno</span> <span class='ocrx_word' id='word_1_79' title='bbox 874 2536 924 2599; x_wconf 88' lang='grc'>68.</span> <span class='ocrx_word' id='word_1_80' title='bbox 963 2535 1171 2602; x_wconf 88' lang='lat' dir='ltr'>eclassiariis</span> <span class='ocrx_word' id='word_1_81' title='bbox 1194 2536 1351 2604; x_wconf 91' lang='lat' dir='ltr'>militibus</span> 
     </span>
     <span class='ocr_line' id='line_1_12' title="bbox 198 2635 1351 2721; baseline 0 -19"><span class='ocrx_word' id='word_1_82' title='bbox 198 2636 409 2720; x_wconf 80' lang='lat' dir='ltr'>conscriptam</span> <span class='ocrx_word' id='word_1_83' title='bbox 432 2655 518 2721; x_wconf 87' lang='lat' dir='ltr'>esse;</span> <span class='ocrx_word' id='word_1_84' title='bbox 548 2637 600 2703; x_wconf 91' lang='lat' dir='ltr'>cui</span> <span class='ocrx_word' id='word_1_85' title='bbox 622 2642 730 2703; x_wconf 90' lang='lat' dir='ltr'>tamen</span> <span class='ocrx_word' id='word_1_86' title='bbox 753 2637 891 2720; x_wconf 88' lang='lat' dir='ltr'>principi</span> <span class='ocrx_word' id='word_1_87' title='bbox 914 2635 1071 2719; x_wconf 89' lang='lat' dir='ltr'>originem</span> <span class='ocrx_word' id='word_1_88' title='bbox 1093 2635 1228 2718; x_wconf 85' lang='lat' dir='ltr'>debeat,</span> <span class='ocrx_word' id='word_1_89' title='bbox 1251 2637 1351 2721; x_wconf 89' lang='lat' dir='ltr'>scrip-</span> 
     </span>
     <span class='ocr_line' id='line_1_13' title="bbox 198 2738 1350 2822; baseline 0.005 -21"><span class='ocrx_word' id='word_1_90' title='bbox 198 2741 284 2804; x_wconf 88' lang='lat' dir='ltr'>tores</span> <span class='ocrx_word' id='word_1_91' title='bbox 306 2738 386 2804; x_wconf 88' lang='lat' dir='ltr'>inter</span> <span class='ocrx_word' id='word_1_92' title='bbox 408 2758 444 2806; x_wconf 88' lang='lat' dir='ltr'>se</span> <span class='ocrx_word' id='word_1_93' title='bbox 467 2738 668 2806; x_wconf 87' lang='lat' dir='ltr'>dissentiunt.</span> <span class='ocrx_word' id='word_1_94' title='bbox 712 2738 889 2822; x_wconf 85' lang='lat' dir='ltr'>Propterea</span> <span class='ocrx_word' id='word_1_95' title='bbox 918 2739 1136 2805; x_wconf 80' lang='lat' dir='ltr'>controversia</span> <span class='ocrx_word' id='word_1_96' title='bbox 1158 2739 1241 2805; x_wconf 87' lang='lat' dir='ltr'>inter</span> <span class='ocrx_word' id='word_1_97' title='bbox 1263 2739 1350 2807; x_wconf 85' lang='lat' dir='ltr'>viros</span> 
     </span>
     <span class='ocr_line' id='line_1_14' title="bbox 197 2837 1350 2926; baseline 0.003 -22"><span class='ocrx_word' id='word_1_98' title='bbox 197 2837 308 2907; x_wconf 93' lang='lat' dir='ltr'>doctos</span> <span class='ocrx_word' id='word_1_99' title='bbox 331 2846 401 2908; x_wconf 86' lang='lat' dir='ltr'>orta</span> <span class='ocrx_word' id='word_1_100' title='bbox 429 2848 492 2926; x_wconf 90' lang='lat' dir='ltr'>est,</span> <span class='ocrx_word' id='word_1_101' title='bbox 522 2848 627 2908; x_wconf 89' lang='lat' dir='ltr'>utrum</span> <span class='ocrx_word' id='word_1_102' title='bbox 649 2840 735 2907; x_wconf 86' lang='lat' dir='ltr'>Nero</span> <span class='ocrx_word' id='word_1_103' title='bbox 758 2840 919 2923; x_wconf 89' lang='lat' dir='ltr'>legionem</span> <span class='ocrx_word' id='word_1_104' title='bbox 943 2840 1064 2906; x_wconf 90' lang='lat' dir='ltr'>Romae</span> <span class='ocrx_word' id='word_1_105' title='bbox 1088 2841 1287 2907; x_wconf 89' lang='lat' dir='ltr'>constituerit</span> <span class='ocrx_word' id='word_1_106' title='bbox 1308 2861 1350 2908; x_wconf 90' lang='lat' dir='ltr'>an</span> 
     </span>
     <span class='ocr_line' id='line_1_15' title="bbox 198 2939 1350 3028; baseline 0.002 -20"><span class='ocrx_word' id='word_1_107' title='bbox 198 2939 303 3008; x_wconf 81' lang='lat' dir='ltr'>Galba</span> <span class='ocrx_word' id='word_1_108' title='bbox 324 2943 357 3008; x_wconf 91' lang='lat' dir='ltr'>in</span> <span class='ocrx_word' id='word_1_109' title='bbox 372 2943 540 3028; x_wconf 85' lang='lat' dir='ltr'>Hispania.</span> <span class='ocrx_word' id='word_1_110' title='bbox 576 2943 683 3027; x_wconf 87' lang='lat' dir='ltr'>Atque</span> <span class='ocrx_word' id='word_1_111' title='bbox 705 2942 848 3009; x_wconf 81' lang='lat' dir='ltr'>aGalba</span> <span class='ocrx_word' id='word_1_112' title='bbox 869 2943 1030 3026; x_wconf 84' lang='lat' dir='ltr'>legionem</span> <span class='ocrx_word' id='word_1_113' title='bbox 1053 2943 1078 3008; x_wconf 96' lang='lat' dir='ltr'>l.</span> <span class='ocrx_word' id='word_1_114' title='bbox 1095 2942 1294 3010; x_wconf 88' lang='lat' dir='ltr'>Adiutricem</span> <span class='ocrx_word' id='word_1_115' title='bbox 1316 2945 1350 3010; x_wconf 93' lang='lat' dir='ltr'>in</span> 
     </span>
     <span class='ocr_line' id='line_1_16' title="bbox 197 3042 1349 3129; baseline 0.003 -21"><span class='ocrx_word' id='word_1_116' title='bbox 197 3043 357 3127; x_wconf 89' lang='lat' dir='ltr'>Hispania</span> <span class='ocrx_word' id='word_1_117' title='bbox 378 3053 518 3112; x_wconf 89' lang='lat' dir='ltr'>creatam</span> <span class='ocrx_word' id='word_1_118' title='bbox 541 3064 613 3113; x_wconf 90' lang='lat' dir='ltr'>esse</span> <span class='ocrx_word' id='word_1_119' title='bbox 636 3042 845 3122; x_wconf 81' lang='lat' dir='ltr'>Grotelend2)</span> <span class='ocrx_word' id='word_1_120' title='bbox 875 3042 1054 3126; x_wconf 89' lang='lat' dir='ltr'>contendit,</span> <span class='ocrx_word' id='word_1_121' title='bbox 1084 3044 1126 3110; x_wconf 91' lang='lat' dir='ltr'>ab</span> <span class='ocrx_word' id='word_1_122' title='bbox 1155 3045 1349 3129; x_wconf 86' lang='lat' dir='ltr'>imperatore</span> 
     </span>
     <span class='ocr_line' id='line_1_17' title="bbox 195 3145 1348 3231; baseline 0.002 -21"><span class='ocrx_word' id='word_1_123' title='bbox 195 3145 322 3212; x_wconf 86' lang='lat' dir='ltr'>Nerone</span> <span class='ocrx_word' id='word_1_124' title='bbox 345 3146 505 3231; x_wconf 89' lang='lat' dir='ltr'>legionem</span> <span class='ocrx_word' id='word_1_125' title='bbox 530 3147 743 3230; x_wconf 87' lang='lat' dir='ltr'>conscriptam</span> <span class='ocrx_word' id='word_1_126' title='bbox 767 3164 838 3212; x_wconf 88' lang='lat' dir='ltr'>esse</span> <span class='ocrx_word' id='word_1_127' title='bbox 861 3145 983 3212; x_wconf 87' lang='lat' dir='ltr'>Rittero</span> <span class='ocrx_word' id='word_1_128' title='bbox 1006 3147 1165 3230; x_wconf 68' lang='lat' dir='ltr'>placuitll</span> <span class='ocrx_word' id='word_1_129' title='bbox 1209 3146 1269 3213; x_wconf 79' lang='lat' dir='ltr'>Oui</span> <span class='ocrx_word' id='word_1_130' title='bbox 1291 3145 1348 3212; x_wconf 91' lang='lat' dir='ltr'>ad·</span> 
     </span>
     <span class='ocr_line' id='line_1_18' title="bbox 195 3247 1347 3331; baseline 0 -17"><span class='ocrx_word' id='word_1_131' title='bbox 195 3247 367 3331; x_wconf 82' lang='lat' dir='ltr'>stipulatus</span> <span class='ocrx_word' id='word_1_132' title='bbox 383 3255 432 3316; x_wconf 88' lang='lat' dir='ltr'>est</span> <span class='ocrx_word' id='word_1_133' title='bbox 444 3249 582 3315; x_wconf 85' lang='lat' dir='ltr'>Pfitnner</span> <span class='ocrx_word' id='word_1_134' title='bbox 593 3251 618 3326; x_wconf 76' lang='grc'>4)</span> <span class='ocrx_word' id='word_1_135' title='bbox 632 3249 725 3315; x_wconf 86' lang='lat' dir='ltr'>novis</span> <span class='ocrx_word' id='word_1_136' title='bbox 737 3248 934 3330; x_wconf 87' lang='lat' dir='ltr'>argumentis</span> <span class='ocrx_word' id='word_1_137' title='bbox 946 3249 1136 3314; x_wconf 87' lang='lat' dir='ltr'>sententiam</span> <span class='ocrx_word' id='word_1_138' title='bbox 1149 3247 1347 3315; x_wconf 87' lang='lat' dir='ltr'>confirmans.</span> 
     </span>
    </p>
   </div>
   <div class='ocr_carea' id='block_1_5' title="bbox 191 3457 1349 4134">
    <p class='ocr_par' dir='ltr' id='par_1_5' title="bbox 281 3457 1093 3536">
     <span class='ocr_line' id='line_1_19' title="bbox 281 3457 1093 3536; baseline -0.002 -16"><span class='ocrx_word' id='word_1_139' title='bbox 281 3467 306 3530; x_wconf 95' lang='grc'>1)</span> <span class='ocrx_word' id='word_1_140' title='bbox 323 3464 365 3520; x_wconf 83' lang='lat' dir='ltr'>Cf.</span> <span class='ocrx_word' id='word_1_141' title='bbox 383 3465 553 3536; x_wconf 84' lang='lat' dir='ltr'>Marquardt,</span> <span class='ocrx_word' id='word_1_142' title='bbox 566 3459 659 3521; x_wconf 78' lang='lat' dir='ltr'>‘Rom</span> <span class='ocrx_word' id='word_1_143' title='bbox 678 3457 859 3520; x_wconf 84' lang='lat' dir='ltr'>Staatsverw.&#39;</span> <span class='ocrx_word' id='word_1_144' title='bbox 877 3465 917 3519; x_wconf 89' lang='lat'>11¹</span> <span class='ocrx_word' id='word_1_145' title='bbox 934 3479 962 3533; x_wconf 89' lang='lat' dir='ltr'>p.</span> <span class='ocrx_word' id='word_1_146' title='bbox 976 3467 1025 3519; x_wconf 75' lang='lat' dir='ltr'>tte</span> <span class='ocrx_word' id='word_1_147' title='bbox 1035 3479 1093 3532; x_wconf 89' lang='lat' dir='ltr'>sqq.</span> 
     </span>
    </p>

    <p class='ocr_par' dir='ltr' id='par_1_6' title="bbox 191 3543 1349 3875">
     <span class='ocr_line' id='line_1_20' title="bbox 282 3543 1349 3618; baseline 0.001 -15"><span class='ocrx_word' id='word_1_148' title='bbox 282 3553 307 3615; x_wconf 83' lang='grc'>2)</span> <span class='ocrx_word' id='word_1_149' title='bbox 320 3543 420 3606; x_wconf 84' lang='lat' dir='ltr'>‘Grues</span> <span class='ocrx_word' id='word_1_150' title='bbox 438 3567 474 3606; x_wconf 90' lang='lat' dir='ltr'>an</span> <span class='ocrx_word' id='word_1_151' title='bbox 492 3551 526 3607; x_wconf 89' lang='lat' dir='ltr'>H.</span> <span class='ocrx_word' id='word_1_152' title='bbox 539 3551 573 3606; x_wconf 87' lang='lat' dir='ltr'>L.</span> <span class='ocrx_word' id='word_1_153' title='bbox 586 3551 701 3606; x_wconf 84' lang='lat' dir='ltr'>Ahrene.</span> <span class='ocrx_word' id='word_1_154' title='bbox 724 3550 776 3605; x_wconf 89' lang='lat' dir='ltr'>Dle</span> <span class='ocrx_word' id='word_1_155' title='bbox 798 3550 881 3618; x_wconf 83' lang='lat' dir='ltr'>Legio</span> <span class='ocrx_word' id='word_1_156' title='bbox 900 3550 921 3604; x_wconf 94' lang='lat'>1.</span> <span class='ocrx_word' id='word_1_157' title='bbox 940 3548 1067 3604; x_wconf 85' lang='lat' dir='ltr'>Adiutrix</span> <span class='ocrx_word' id='word_1_158' title='bbox 1084 3564 1136 3604; x_wconf 82' lang='lat' dir='ltr'>ron</span> <span class='ocrx_word' id='word_1_159' title='bbox 1155 3547 1250 3618; x_wconf 84' lang='lat' dir='ltr'>Galba,</span> <span class='ocrx_word' id='word_1_160' title='bbox 1272 3549 1349 3605; x_wconf 87' lang='lat' dir='ltr'>nicht</span> 
     </span>
     <span class='ocr_line' id='line_1_21' title="bbox 191 3631 1347 3703; baseline 0 -15"><span class='ocrx_word' id='word_1_161' title='bbox 191 3650 245 3689; x_wconf 82' lang='lat' dir='ltr'>von</span> <span class='ocrx_word' id='word_1_162' title='bbox 263 3634 336 3690; x_wconf 85' lang='lat' dir='ltr'>Nero</span> <span class='ocrx_word' id='word_1_163' title='bbox 354 3631 504 3703; x_wconf 88' lang='lat' dir='ltr'>errichtet&#39;,</span> <span class='ocrx_word' id='word_1_164' title='bbox 522 3637 666 3691; x_wconf 82' lang='lat' dir='ltr'>Hannover</span> <span class='ocrx_word' id='word_1_165' title='bbox 685 3639 750 3691; x_wconf 83' lang='grc'>1849</span> <span class='ocrx_word' id='word_1_166' title='bbox 769 3636 851 3701; x_wconf 78' lang='lat' dir='ltr'>(bunc</span> <span class='ocrx_word' id='word_1_167' title='bbox 868 3635 967 3689; x_wconf 91' lang='lat' dir='ltr'>librum</span> <span class='ocrx_word' id='word_1_168' title='bbox 984 3634 1012 3688; x_wconf 88' lang='lat' dir='ltr'>ln</span> <span class='ocrx_word' id='word_1_169' title='bbox 1029 3633 1154 3690; x_wconf 87' lang='lat' dir='ltr'>manibus</span> <span class='ocrx_word' id='word_1_170' title='bbox 1172 3635 1347 3702; x_wconf 78' lang='lat' dir='ltr'>abulabat),</span> 
     </span>
     <span class='ocr_line' id='line_1_22' title="bbox 193 3715 1346 3791; baseline -0.002 -16"><span class='ocrx_word' id='word_1_171' title='bbox 193 3723 221 3775; x_wconf 85' lang='lat' dir='ltr'>et</span> <span class='ocrx_word' id='word_1_172' title='bbox 234 3715 357 3778; x_wconf 82' lang='lat' dir='ltr'>‘Bonuer</span> <span class='ocrx_word' id='word_1_173' title='bbox 374 3715 497 3778; x_wconf 87' lang='lat' dir='ltr'>Jahrbb.&#39;</span> <span class='ocrx_word' id='word_1_174' title='bbox 515 3722 594 3779; x_wconf 86' lang='lat' dir='ltr'>XVll</span> <span class='ocrx_word' id='word_1_175' title='bbox 611 3738 638 3791; x_wconf 91' lang='lat' dir='ltr'>p.</span> <span class='ocrx_word' id='word_1_176' title='bbox 652 3725 710 3775; x_wconf 80' lang='grc'>2119.</span> <span class='ocrx_word' id='word_1_177' title='bbox 729 3749 761 3760; x_wconf 91' lang='lat'>·-</span> <span class='ocrx_word' id='word_1_178' title='bbox 781 3718 949 3775; x_wconf 78' lang='lat' dir='ltr'>Gnotefentlii</span> <span class='ocrx_word' id='word_1_179' title='bbox 966 3719 1129 3774; x_wconf 88' lang='lat' dir='ltr'>sententiam</span> <span class='ocrx_word' id='word_1_180' title='bbox 1146 3721 1175 3773; x_wconf 90' lang='lat' dir='ltr'>in</span> <span class='ocrx_word' id='word_1_181' title='bbox 1192 3720 1346 3774; x_wconf 81' lang='lat' dir='ltr'>universum</span> 
     </span>
     <span class='ocr_line' id='line_1_23' title="bbox 193 3804 1219 3875; baseline -0.003 -14"><span class='ocrx_word' id='word_1_182' title='bbox 193 3806 296 3874; x_wconf 89' lang='lat' dir='ltr'>probat</span> <span class='ocrx_word' id='word_1_183' title='bbox 313 3807 457 3862; x_wconf 85' lang='lat' dir='ltr'>Aechbach</span> <span class='ocrx_word' id='word_1_184' title='bbox 476 3809 504 3873; x_wconf 76' lang='lat' dir='ltr'>(l.</span> <span class='ocrx_word' id='word_1_185' title='bbox 523 3807 563 3874; x_wconf 87' lang='grc'>1.),</span> <span class='ocrx_word' id='word_1_186' title='bbox 582 3807 627 3875; x_wconf 88' lang='lat' dir='ltr'>qni</span> <span class='ocrx_word' id='word_1_187' title='bbox 644 3806 797 3862; x_wconf 88' lang='lat' dir='ltr'>summatim</span> <span class='ocrx_word' id='word_1_188' title='bbox 815 3805 944 3874; x_wconf 87' lang='lat' dir='ltr'>originem</span> <span class='ocrx_word' id='word_1_189' title='bbox 962 3804 1075 3873; x_wconf 87' lang='lat' dir='ltr'>legionis</span> <span class='ocrx_word' id='word_1_190' title='bbox 1092 3805 1219 3872; x_wconf 87' lang='lat' dir='ltr'>explieat.</span> 
     </span>
    </p>

    <p class='ocr_par' dir='ltr' id='par_1_7' title="bbox 279 3885 768 3961">
     <span class='ocr_line' id='line_1_24' title="bbox 279 3885 768 3961; baseline 0.004 -14"><span class='ocrx_word' id='word_1_191' title='bbox 279 3897 305 3956; x_wconf 84' lang='grc'>3)</span> <span class='ocrx_word' id='word_1_192' title='bbox 320 3885 443 3948; x_wconf 90' lang='lat' dir='ltr'>‘Bonner</span> <span class='ocrx_word' id='word_1_193' title='bbox 458 3885 581 3948; x_wconf 63' lang='lat' dir='ltr'>Jahrbbss</span> <span class='ocrx_word' id='word_1_194' title='bbox 599 3890 649 3946; x_wconf 88' lang='lat' dir='ltr'>XV</span> <span class='ocrx_word' id='word_1_195' title='bbox 667 3908 694 3961; x_wconf 91' lang='lat' dir='ltr'>p.</span> <span class='ocrx_word' id='word_1_196' title='bbox 710 3895 768 3949; x_wconf 84' lang='grc'>113.</span> 
     </span>
    </p>

    <p class='ocr_par' dir='ltr' id='par_1_8' title="bbox 191 3967 1347 4134">
     <span class='ocr_line' id='line_1_25' title="bbox 280 3967 1346 4048; baseline -0.004 -16"><span class='ocrx_word' id='word_1_197' title='bbox 280 3981 305 4044; x_wconf 85' lang='grc'>4)</span> <span class='ocrx_word' id='word_1_198' title='bbox 322 3979 339 4032; x_wconf 96' lang='lat' dir='ltr'>l.</span> <span class='ocrx_word' id='word_1_199' title='bbox 352 3979 370 4034; x_wconf 87' lang='lat' dir='ltr'>l.</span> <span class='ocrx_word' id='word_1_200' title='bbox 390 3994 417 4048; x_wconf 88' lang='lat' dir='ltr'>p.</span> <span class='ocrx_word' id='word_1_201' title='bbox 430 3981 532 4048; x_wconf 77' lang='lat' dir='ltr'>ttsqq.</span> <span class='ocrx_word' id='word_1_202' title='bbox 552 3983 579 4032; x_wconf 91' lang='lat' dir='ltr'>et</span> <span class='ocrx_word' id='word_1_203' title='bbox 596 3993 624 4046; x_wconf 92' lang='lat' dir='ltr'>p.</span> <span class='ocrx_word' id='word_1_204' title='bbox 638 3981 696 4033; x_wconf 79' lang='lat'>218.</span> <span class='ocrx_word' id='word_1_205' title='bbox 715 4007 748 4018; x_wconf 91' lang='lat'>—</span> <span class='ocrx_word' id='word_1_206' title='bbox 768 3975 892 4031; x_wconf 86' lang='lat' dir='ltr'>Ceterum</span> <span class='ocrx_word' id='word_1_207' title='bbox 911 3973 947 4029; x_wconf 87' lang='lat' dir='ltr'>cl.</span> <span class='ocrx_word' id='word_1_208' title='bbox 962 3967 1089 4029; x_wconf 81' lang='lat' dir='ltr'>‘Jahrbb</span> <span class='ocrx_word' id='word_1_209' title='bbox 1102 3973 1147 4028; x_wconf 86' lang='lat' dir='ltr'>ltlr</span> <span class='ocrx_word' id='word_1_210' title='bbox 1164 3974 1243 4029; x_wconf 87' lang='lat' dir='ltr'>class.</span> <span class='ocrx_word' id='word_1_211' title='bbox 1255 3972 1346 4028; x_wconf 86' lang='lat' dir='ltr'>Philo-</span> 
     </span>
     <span class='ocr_line' id='line_1_26' title="bbox 191 4054 1347 4134; baseline -0.004 -17"><span class='ocrx_word' id='word_1_212' title='bbox 191 4062 272 4132; x_wconf 90' lang='lat' dir='ltr'>logle‚</span> <span class='ocrx_word' id='word_1_213' title='bbox 286 4067 309 4119; x_wconf 84' lang='grc'>3.</span> <span class='ocrx_word' id='word_1_214' title='bbox 322 4055 425 4134; x_wconf 65' lang='lat' dir='ltr'>Jahrg?</span> <span class='ocrx_word' id='word_1_215' title='bbox 437 4065 489 4120; x_wconf 81' lang='lat' dir='ltr'>rol.</span> <span class='ocrx_word' id='word_1_216' title='bbox 501 4068 533 4118; x_wconf 81' lang='grc'>15</span> <span class='ocrx_word' id='word_1_217' title='bbox 546 4065 635 4129; x_wconf 79' lang='grc'>(1851)</span> <span class='ocrx_word' id='word_1_218' title='bbox 653 4079 680 4132; x_wconf 90' lang='lat' dir='ltr'>p.</span> <span class='ocrx_word' id='word_1_219' title='bbox 694 4065 752 4130; x_wconf 76' lang='lat'><strong>730,</strong></span> <span class='ocrx_word' id='word_1_220' title='bbox 771 4054 974 4116; x_wconf 84' lang='lat' dir='ltr'>et‘Zeitschrift</span> <span class='ocrx_word' id='word_1_221' title='bbox 985 4059 1030 4114; x_wconf 86' lang='lat' dir='ltr'>ittr</span> <span class='ocrx_word' id='word_1_222' title='bbox 1041 4059 1084 4114; x_wconf 89' lang='lat' dir='ltr'>die</span> <span class='ocrx_word' id='word_1_223' title='bbox 1096 4058 1246 4114; x_wconf 83' lang='lat' dir='ltr'>lrlaseiscbe</span> <span class='ocrx_word' id='word_1_224' title='bbox 1257 4058 1347 4112; x_wconf 83' lang='lat' dir='ltr'>Alter·</span> 
     </span>
    </p>
   </div>
   <div class='ocr_carea' id='block_1_6' title="bbox 191 4144 824 4217">
    <p class='ocr_par' dir='ltr' id='par_1_9' title="bbox 191 4144 824 4217">
     <span class='ocr_line' id='line_1_27' title="bbox 191 4144 824 4217; baseline -0.005 -16"><span class='ocrx_word' id='word_1_225' title='bbox 191 4144 462 4206; x_wconf 82' lang='lat' dir='ltr'>tumswissenschait‘</span> <span class='ocrx_word' id='word_1_226' title='bbox 479 4151 567 4214; x_wconf 79' lang='grc'>(1816)</span> <span class='ocrx_word' id='word_1_227' title='bbox 585 4147 662 4206; x_wconf 79' lang='lat' dir='ltr'>liat</span> <span class='ocrx_word' id='word_1_228' title='bbox 680 4163 707 4217; x_wconf 92' lang='lat' dir='ltr'>p.</span> <span class='ocrx_word' id='word_1_229' title='bbox 724 4151 764 4203; x_wconf 85' lang='grc'>14.</span> <span class='ocrx_word' id='word_1_230' title='bbox 786 4151 824 4200; x_wconf 80' lang='grc'>15.</span> 
     </span>
    </p>
   </div>
   <div class='ocr_carea' id='block_1_7' title="bbox 0 0 1664 4970">
    <p class='ocr_par' dir='ltr' id='par_1_10' title="bbox 0 0 1664 4970">
     <span class='ocr_line' id='line_1_28' title="bbox 0 0 1664 4970; baseline 0 1"><span class='ocrx_word' id='word_1_231' title='bbox 0 0 1664 4970; x_wconf 95' lang='lat' dir='ltr'> </span> 
     </span>
    </p>
   </div>
  </div>
 </body>
</html>
