3134 4986
307 341 369 400 328
740 339 943 395 Maximiiianns
960 341 1039 395 Thiel

308 519 450 601 φεσθαι,
474 511 725 601 κηλωνεύεσθαι
742 512 778 579 δὲ
792 509 852 598 τὴν
868 512 1015 598 σύριγγα,
1038 505 1120 578 ὅταν
1141 515 1270 596 γίνοιτο
1293 512 1331 580 τὸ
1357 514 1463 598 στόμα

153 633 209 677 stu.
224 632 294 686 031-
311 611 413 694 υύτύς
434 614 518 684 κατὰ
540 613 578 682 τὸ
602 628 727 698 τεῖχος,
757 619 1013 703 προσσχθείσης
1035 617 1094 700 τῆς
1116 613 1334 702 τετρακύκλου
1355 616 1360 702 Ι
1382 615 1464 704 πρὸς

305 714 397 802 αὐτά,
422 717 637 797 διανοίξαντα
659 715 718 784 τὸν
745 715 840 784 ἔνδον
862 711 944 784 ὄντα
966 713 1026 804 τὴν
1049 715 1160 803 θύραν
1183 710 1284 808 αὐτῆς
1307 717 1464 808 ἐπιβῆναι
1528 797 1529 800 ¹

306 824 364 892 ἐπὶ
393 823 432 891 τὸ
462 835 579 905 τεῖχος.
624 825 746 905 Μέτρα
770 820 806 886 δὲ
827 819 954 887 τούτων
976 815 1015 889 ού
1040 825 1275 905 συντεταχέναι
1297 829 1463 910 φαίνεται.

307 933 338 994 Γ
336 931 468 994 εννυίου
491 925 528 992 δὲ
550 927 649 991 τοῦτο
673 918 767 1002 άξιον
790 915 943 1004 σύθενός,
968 916 1045 990 ἀλλ’
1073 923 1107 992 ἐκ
1129 923 1318 1010 θαυμάτων
1340 923 1381 992 τὸ
1406 952 1465 1014 μη-

304 1028 438 1118 χάνημα
467 1033 695 1114 συγκείμενον,
725 1028 780 1093 καὶ
803 1024 952 1109 μάλιστα
973 1024 1034 1093 τδν
1055 1033 1204 1115 τεχνίτην
1226 1025 1264 1094 τδ
1287 1028 1465 1112 θαυμάσαι

308 1179 517 1199 .........
533 1131 603 1196 Καὶ
625 1131 725 1196 τοῦτο
746 1127 983 1212 κατετάξαμεν.

393 1235 480 1319 Περὶ
511 1232 548 1299 δὲ
575 1227 770 1316 ύπορύξεων
797 1231 1045 1299 autumnitas
1084 1236 1289 1320 κατασκευῆς
1320 1237 1378 1302 καὶ
1413 1239 1465 1323 τῆς

307 1337 388 1419 περὶ
417 1328 501 1404 αὐτὰ
529 1339 760 1422 πραγματείας
789 1331 827 1400 δν
853 1332 981 1420 τρόπον
1011 1333 1063 1402 δεῖ
1083 1341 1242 1422 γίνεσθαι
1263 1337 1464 1425 γεγραφότος
1528 1351 1529 1354 ’

308 1438 444 1528 Πύρρου
473 1437 507 1505 ἐν
534 1451 607 1516 τοῖς
633 1438 902 1524 πολιορκητικοῖς
925 1429 984 1504 ούκ
1006 1436 1134 1521 ἐ’κρινον
1155 1452 1228 1518 τοῖς
1249 1441 1360 1518 καλῶς
1384 1439 1465 1528 εἰρη-
1528 1449 1529 1454 ’

309 1552 423 1627 μένοις
450 1533 512 1608 ὑπ’
539 1533 641 1608 αὐτοῦ
663 1532 863 1626 ἀντιλέγειν·
887 1531 973 1627 ὅπερ
994 1540 1073 1619 τοὺς
1095 1542 1276 1620 πλείστους
1298 1538 1370 1630 δρῶ
1392 1568 1464 1609 ποι-

311 1648 431 1723 οῦντας
453 1642 487 1710 ἐν
509 1655 581 1720 τοῖς
603 1635 897 1730 ἐπιτηδεύμασιν.)

790 1871 989 1879 ——-—-----

643 2053 827 2138 TABULA
854 2051 1142 2138 ARGUMENTI.

826 2212 970 2221 -.....--

334 2315 358 2366 1.
376 2311 434 2365 Aut
445 2309 585 2366 Vitruvius
597 2325 664 2364 usus
676 2315 719 2364 cst
731 2309 873 2365 Athenaeo
891 2311 1005 2364 auctore
1015 2315 1064 2364 aut
1080 2310 1190 2379 utrique
1208 2312 1304 2367 subest

418 2395 567 2452 communis
585 2395 648 2450 fons
678 2435 1303 2452 ...............
1340 2403 1390 2453 277

333 2503 356 2554 2.
376 2499 545 2555 Athenaeum
558 2499 718 2568 posterioris
730 2498 829 2554 aetatis
847 2513 906 2554 essc
923 2513 1004 2568 quarn
1015 2499 1168 2554 Vitruvium
1186 2500 1304 2556 dictione

418 2585 476 2640 eins
493 2591 607 2654 apparat
636 2625 1302 2642 ................
1338 2590 1390 2642 279

334 2693 357 2745 3.
375 2688 468 2744 Etiam
485 2689 540 2743 alia
557 2688 663 2743 ratione
680 2687 840 2742 adducimur
857 2691 889 2743 ut
906 2688 1042 2744 cummuni
1059 2692 1204 2759 utrumque
1222 2705 1302 2745 usum

418 2788 478 2830 cssc
494 2773 571 2829 iontc
589 2786 747 2828 censeamus
813 2813 1305 2832 ............
1341 2779 1393 2831 280
1404 2781 1463 2831 extr.

334 2883 358 2932 4.
376 2877 447 2946 Quid
463 2876 489 2932 ci
506 2879 621 2945 uterquc
639 2875 737 2930 debeat
754 2875 910 2931 accuratius
928 2875 1054 2932 definitur
1073 2918 1300 2932 ......
1337 2883 1389 2934 286

336 2987 359 3035 5.
378 2979 534 3036 Communis
551 2982 650 3034 auctcr
666 2979 721 3034 fuit
737 2979 923 3048 Agesistratus
946 3019 1303 3036 .........
1341 2985 1392 3037 290
1405 2983 1462 3035 extr.
1528 2991 1529 3062 3

335 3087 359 3138 6.
377 3083 535 3138 Athenaeus
557 3083 676 3138 fortasse
692 3083 763 3138 idem
780 3087 824 3139 cst
841 3083 1007 3139 ac.Gallicni
1024 3083 1195 3154 imperatoris
1213 3085 1302 3140 archi·

419 3171 509 3224 tectus
551 3209 1301 3225 ..................
1338 3173 1389 3224 303

335 3279 359 3330 7.
378 3273 520 3342 symbolas
538 3271 649 3326 criticas
680 3313 1302 3329 ...............
1338 3275 1390 3328 304

337 3383 361 3433 8.
379 3377 542 3446 Agesistrati
553 3391 624 3446 quac
635 3390 695 3432 csse
707 3375 765 3432 visa
776 3379 841 3432 sunt
852 3391 885 3432 ax
897 3375 1032 3432 Athenaei
1050 3381 1077 3431 ct
1094 3377 1210 3433 vitruvii
1227 3376 1302 3432 libris

421 3463 575 3518 eximuntur
592 3465 621 3517 ct
638 3463 830 3519 consociantur
857 3502 1303 3520 ...........
1339 3467 1388 3517 307
