3198 4974
251 394 294 449 De
310 392 435 451 lontibus
453 393 576 464 Dionysii
594 391 845 448 Halicarnassensis
863 392 1035 461 quaestiones
1051 390 1152 448 variae.
1222 391 1284 450 185

127 568 285 662 sententia
313 569 378 633 iam
406 567 557 633 Valerius
579 567 695 633 Antias
723 566 816 632 illum
845 564 955 631 dolum
986 571 1097 632 contra
1118 564 1288 632 Horatium

125 670 330 738 commissum
351 687 415 734 uon
437 687 516 734 sane
538 675 639 736 totum
654 665 757 752 finxit,
780 686 893 733 verum
907 668 1008 732 alium
1029 666 1191 751 quendam
1212 686 1286 734 auo·

124 780 226 839 torem
248 777 376 837 secutus
398 769 550 836 reddidit.
842 845 845 850 ,

210 871 315 952 Quam
332 874 525 939 sententiam
541 871 723 939 confirmari
738 869 836 936 credo
855 869 918 936 bac
940 869 1185 937 deliberatione.
1221 871 1288 938 Pac

124 995 192 1042 rem
215 962 287 1042 ¹non
315 976 362 1042 ita
383 994 418 1041 se
441 973 579 1054 habere,
609 972 668 1039 sed
691 974 724 1038 in
746 971 888 1038 Antiatis
910 972 1080 1038 annalibus
1102 977 1226 1037 tantum
1248 991 1288 1038 ea

124 1078 227 1144 relata
265 1077 383 1159 fuisse,
423 1097 506 1159 quae
546 1074 739 1142 Plutarchus
779 1074 895 1157 capitis
930 1078 970 1138 14
1010 1073 1103 1140 initio
1143 1080 1286 1139 enarrat:

125 1179 255 1246 Valerio
272 1179 443 1244 Publicola
456 1178 591 1244 absente
606 1177 776 1244 Horatium
795 1175 972 1242 mandante
995 1182 1108 1242 senatu
1130 1177 1287 1258 templum

124 1280 213 1346 lovis
230 1278 416 1363 dedicasse,
439 1281 574 1346 alteram
590 1299 669 1346 vero
684 1278 814 1344 fabulae
836 1275 983 1359 formam,
1007 1297 1072 1360 qna
1093 1277 1176 1344 inter
1192 1277 1287 1344 Vale·

125 1382 208 1447 rium
238 1387 272 1447 et
293 1381 462 1447 Horatium
492 1389 578 1447 sorte
605 1381 796 1447 convenisse
817 1377 998 1461 ferebatur,
1028 1398 1069 1444 ex
1090 1379 1157 1444 alio
1178 1362 1311 1445 nescio'

125 1503 189 1567 quo
220 1483 376 1566 scriptore
405 1501 478 1549 esse
508 1483 750 1567 depromptam
778 1487 949 1564 praeterea
970 1480 1179 1547 Plutarchum
1200 1480 1290 1564 apud

124 1585 265 1652 eundem
287 1619 329 1632 -
350 1605 416 1652 non
431 1585 595 1650 Antiatem
617 1619 660 1630 -
682 1582 955 1650 machinationem
978 1583 1068 1648 illam
1087 1582 1289 1649 Valeriorum

122 1688 298 1755 invenisse.
346 1687 436 1753 Haec
470 1687 556 1752 enim
589 1684 654 1752 dno
687 1687 729 1750 ab
762 1704 826 1751 nno
860 1683 1040 1768 eodemque
1070 1686 1226 1768 scriptore
1254 1703 1289 1750 re

122 1811 203 1857 vera
231 1795 381 1856 enamata
409 1788 510 1854 luisse
538 1789 630 1854 testis
660 1795 710 1854 cst
731 1787 860 1869 Livius,
891 1788 947 1870 qui
969 1786 1167 1870 118,6sqq.
1191 1787 1289 1869 plane

125 1892 241 1958 eadem
277 1889 418 1956 exhibet.
463 1889 555 1956 Haec
583 1890 681 1972 igitur
709 1890 738 1956 si
766 1891 928 1972 posueris,
964 1888 1198 1955 existimandus
1229 1890 1290 1954 erit

124 1991 317 2060 Plutarchus
333 1992 453 2074 verbis,
469 1998 658 2075 quaesunt:
678 1982 824 2067 ’Ἔξεστι
840 1989 876 2054 δὲ
891 1991 972 2075 περὶ
985 1981 1113 2054 τούτων
1128 1985 1175 2068 ὥς
1197 1988 1290 2072 ἔσχεν

124 2091 266 2172 εἰκάζειν
293 2105 367 2170 τοῖς
396 2097 586 2178 πραχθεῖσι
614 2094 694 2176 περὶ
720 2090 781 2178 τὴν
802 2083 1021 2176 καθιέρωσιν’
1047 2095 1188 2176 priorem
1210 2095 1289 2160 alte·

123 2197 190 2263 rius
224 2197 401 2261 memoriae
435 2197 544 2279 (quarn
574 2195 745 2260 Livianam
778 2213 897 2261 vocare
929 2195 1039 2270 liceat)
1073 2201 1198 2278 partem
1230 2216 1289 2263 suo

123 2299 226 2364 Marte
249 2294 407 2364 refutasse
430 2297 615 2364 eiusdem
637 2297 855 2363 memoriae
876 2304 969 2380 parte
992 2297 1187 2380 posteriorc,
1216 2317 1289 2364 cum

123 2400 185 2467 hac
211 2419 293 2466 vero
321 2401 368 2465 ita
396 2397 603 2467 coniunxisse
632 2400 767 2466 alteram
790 2418 833 2464 sc.
857 2399 998 2464 Antiatis
1020 2398 1226 2480 relationem,
1255 2405 1290 2464 nt

122 2504 221 2586 plane
256 2521 342 2568 nova
373 2499 504 2567 fabulae
537 2502 695 2567 memoria
728 2499 891 2566 evaderet
939 2499 1059 2566 Nescio
1086 2519 1128 2564 an
1158 2499 1221 2566 hoc
1249 2501 1291 2566 sit

122 2607 246 2672 nimiae
274 2603 434 2670 libertatis
461 2602 589 2670 fabulas
619 2601 753 2669 traditas
785 2609 818 2667 et
846 2599 1054 2685 expendendi
1083 2607 1116 2668 et
1141 2601 1291 2668 variandi

122 2727 220 2790 quam
239 2712 275 2772 ut
289 2703 496 2770 Plutarchum
520 2704 599 2770 talia
620 2723 734 2770 ausum
757 2723 829 2771 esse
852 2703 1031 2770 credamus.
1068 2703 1169 2771 Porro
1190 2705 1290 2770 aliam

123 2825 256 2891 quoqne
285 2807 326 2873 ob
354 2825 439 2886 rem,
466 2807 529 2872 nisi
551 2803 662 2889 fallor,
692 2804 901 2888 Plutarchus,
932 2805 1060 2873 etiamsi
1082 2803 1164 2872 duos
1185 2806 1291 2874 tonas

123 2909 336 2994 inspexisset,
366 2908 456 2974 illam
485 2906 528 2972 de
550 2907 592 2972 Μ.
616 2907 739 2974 Valerii
767 2908 889 2974 fraude·
909 2907 1063 2972 fabellam
1093 2908 1126 2972 in
1154 2914 1291 2992 utroque

123 3011 278 3078 traditam
306 3009 470 3075 invenisse
498 3008 661 3092 putandus
690 3017 785 3078 esset
827 3010 985 3076 Dicuntur
1012 3010 1099 3075 enim
1121 3027 1177 3092 ea,
1206 3029 1291 3094 qnae

123 3113 166 3178 M.
190 3113 342 3180 Valerius
371 3115 483 3177 contra
504 3109 674 3177 Horatium
703 3112 899 3196 susceperit,
928 3131 949 3176 a
971 3109 1145 3178 Plutarcho
1168 3112 1292 3195 simpli·

123 3215 204 3280 citer
223 3207 282 3278 ‘vd
305 3203 539 3296 npoxoivsa',
565 3231 608 3278 ex
630 3215 747 3296 quibus
774 3233 858 3298 quae
874 3233 953 3280 vera
974 3214 1039 3280 sint
1060 3213 1144 3278 inter
1166 3220 1290 3280 ceteras

124 3335 176 3384 res
198 3318 338 3400 relatas,
361 3333 445 3398 quae
467 3333 542 3396 non,
565 3315 676 3399 colligi
699 3317 816 3400 possit;
840 3313 1016 3382 Plutarcho
1038 3315 1137 3398 igitur
1158 3315 1215 3380 illa
1233 3309 1289 3380 ‘vol

63 3431 65 3436 ·
123 3409 339 3502 apopoivoa’
379 3436 415 3483 re
444 3435 524 3484 vera
554 3415 645 3483 iacta
676 3436 748 3485 esse
776 3423 924 3484 auctores
956 3417 1007 3483 sui
1035 3415 1186 3482 videntur
1217 3437 1291 3501 per·

123 3521 278 3588 suasisse.
326 3519 391 3586 Vix
423 3525 533 3586 autem
566 3519 625 3584 tali
658 3520 839 3586 elocutione
873 3527 905 3586 et
937 3518 1185 3585 ratiocinatione
1213 3539 1290 3586 usus

123 3629 227 3705 esset,
262 3623 290 3688 si
320 3640 389 3688 rem
417 3621 460 3686 ab
488 3621 591 3687 altero
620 3621 776 3704 scriptore
806 3628 988 3688 enarratam
1017 3621 1212 3703 invenisset,
1246 3622 1290 3688 ab

122 3725 228 3790 altero
245 3725 408 3790 omissam.
451 3720 569 3800 Quare,
597 3722 723 3789 etiamsi
745 3741 902 3807 ponamus
924 3723 1054 3800 (Petere
1076 3721 1291 3790 concedentes

122 3825 235 3892 verbis
257 3844 311 3908 qn.
341 3845 366 3891 s.
388 3816 519 3901 Ἔξεστι
548 3821 585 3888 δὲ
613 3821 680 3887 κτλ.
710 3825 813 3907 ipsius
846 3823 1011 3890 Plutarchi
1045 3823 1201 3890 iudicium
1235 3843 1289 3891 ex·

121 3945 273 4010 pressum
299 3929 383 4007 esse)
405 3925 614 3992 Plutarchum
635 3926 742 4011 ipsum
764 3927 947 4011 complures
969 3923 1159 3993 adhibuisse
1172 3925 1290 4010 fontes,

123 4028 260 4096 credere
282 4029 458 4112 proclivius
481 4029 524 4095 sit
554 4025 635 4094 duas
665 4028 698 4093 in
727 4033 880 4113 promptu
902 4026 1001 4094 inisse
1023 4025 1196 4094 Plutarcho
1218 4049 1289 4096 uar-

122 4132 270 4198 rationes
299 4138 391 4214 parte
419 4131 527 4216 priore
550 4130 632 4197 inter
654 4149 690 4197 se
713 4129 955 4213 dissentientes,
984 4129 1163 4212 posteriore
1184 4163 1227 4176 -
1249 4131 1291 4197 de
