3134 4986
306 381 381 444 .370
778 379 903 449 Edgsruu
922 377 1034 434 Martini

318 559 424 624 progr.
438 539 550 624 1120),
564 539 655 605 velut
670 557 742 603 eam
758 555 823 620 quo
836 536 984 602 notiones
999 532 1150 602 vocabuli
1165 533 1232 600 diei
1243 532 1477 600 describuntur.

317 641 402 709 Nom
425 659 578 725 compara
598 640 659 706 sis:

419 742 519 808 Prisc.
543 762 575 827 p.
591 743 644 824 65,
660 743 701 805 22
710 759 780 823 sqq.
1034 737 1126 806 Gom.
1150 738 1236 822 Isag-
1258 758 1291 822 p.
1310 740 1350 804 13

319 844 535 911 diciturenim
547 843 618 909 dies
630 843 814 926 tripliciter:
829 849 885 908 aut
910 833 1019 928 ἡμέρα
1042 839 1171 924 λέγεται
1194 837 1310 922 διχῶς·

320 944 497 1012 secundum
520 964 636 1029 corpus
655 965 712 1010 aer
726 964 747 1009 c
762 943 831 1010 sole
847 943 884 1008 il·

319 1047 509 1130 luminatus3
527 1044 824 1116 uutsecundomcb
836 1063 884 1110 or·
912 1039 995 1110 καθ’
1022 1040 1080 1109 ἕνα
1103 1041 1164 1126 μὲν
1183 1033 1478 1128 coincorporari

319 1151 405 1216 tibus
421 1151 454 1214 in
470 1168 621 1216 occesum
635 1156 763 1232 tempus
775 1152 885 1213 exten·
913 1141 982 1210 ἀπὸ
1008 1139 1172 1234 ἀνατολῆς
1194 1137 1292 1233 ἡλίου
1310 1146 1411 1228 μέχρι
1427 1140 1479 1207 δυ’-

320 1259 405 1334 tum,
431 1251 465 1316 in
488 1270 552 1334 quo
576 1255 721 1316 centrum
743 1250 821 1315 solis
842 1249 885 1314 ab
913 1264 1014 1324 οεως·

321 1359 392 1420 ortu
415 1353 448 1420 iu
470 1371 620 1418 occasum
636 1351 795 1435 pervenit,
819 1351 839 1416 i.
856 1371 884 1418 e.

320 1461 555 1538 tompusoquo
567 1453 618 1520 sol
629 1451 743 1536 incipit
754 1471 884 1535 supero·

320 1575 356 1622 re
379 1556 555 1622 orizontem
578 1573 681 1638 usque
705 1553 781 1619 dum
800 1561 884 1620 totus

319 1657 463 1742 occidct3
486 1655 603 1722 dicitur
626 1674 755 1738 quoqne
771 1654 838 1721 diei
852 1663 886 1722 et
910 1652 995 1722 καθ’
1028 1652 1140 1738 ἕτερον
1163 1651 1353 1740 δὲτρόπον
1375 1647 1480 1737 ἡμέρα

319 1758 423 1824 noctis
445 1765 574 1842 tempus
597 1756 677 1824 dies.
912 1758 1043 1843 λέγεται
1055 1750 1203 1843 χρόνοςὸ
1218 1747 1279 1844 ἀφ’
1295 1751 1394 1842 ἡλίου
1404 1751 1479 1820 ἀνο-

910 1860 1012 1944 τολῆς
1032 1861 1148 1945 μέχρις
1163 1853 1260 1947 ἡλίου
1276 1842 1383 1934 αὖθις
1401 1855 1479 1922 ἀνο-

910 1961 1019 2048 τολῆς.

406 2063 608 2130 Priscianum
635 2063 746 2148 paullo
769 2065 1015 2149 locupletiorem
1037 2083 1108 2132 esse
1130 2063 1292 2148 agnoscis.
1338 2062 1428 2128 Nam
1449 2071 1481 2126 ut

319 2166 386 2232 alia
408 2166 565 2248 omittam,
589 2185 661 2231 cum
676 2165 832 2232 Geminus
856 2167 889 2230 in
907 2155 1183 2233 ‘introductione'
1209 2164 1291 2231 dnus
1306 2165 1401 2232 vocis
1417 2163 1479 2229 diei

318 2267 465 2333 notiones
488 2268 748 2334 circumscribere
772 2269 851 2334 satis
873 2267 1003 2350 habeut,
1026 2267 1115 2352 opud
1129 2267 1332 2332 Priscianum
1352 2264 1407 2332 his
1422 2273 1478 2331 ter-

318 2370 397 2436 tiam
425 2368 611 2436 adiunctum
637 2369 835 2436 invenimus:
864 2371 960 2454 quom
984 2389 1040 2436 cur
1063 2369 1218 2436 Geminus
1241 2368 1274 2433 in
1294 2361 1479 2434 ‘Introduc-

318 2466 419 2537 tione'
444 2491 509 2537 non
530 2471 716 2537 memorarit
738 2469 826 2537 haud
848 2471 982 2538 difficile
1004 2477 1054 2537 est
1076 2470 1247 2556 dispicere.

405 2573 505 2638 Porro
528 2571 610 2638 hooc
632 2571 817 2639 considera:

420 2674 520 2740 Prisc.
544 2695 575 2758 p.
593 2679 644 2758 65,
661 2675 780 2758 28sqq.
1067 2673 1194 2740 Gemin.
1217 2695 1249 2758 p.
1269 2676 1318 2738 12.

319 2777 429 2844 orizon
462 2783 570 2842 autem
600 2776 717 2842 dicitur
746 2775 885 2841 circulus
913 2769 1034 2858 ὁρίζων
1058 2774 1094 2839 δέ
1117 2772 1207 2840 ἐστιν
1229 2772 1349 2852 κύκλος
1372 2768 1391 2840 ὅ
1413 2773 1478 2840 διο-

318 2878 470 2944 dividens
492 2875 697 2944 manifestum
716 2877 828 2944 mundi
843 2878 884 2942 ab
912 2875 1012 2963 ρίζων
1034 2871 1114 2964 ἡμῖν
1136 2873 1174 2941 τό
1198 2900 1234 2940 τε
1258 2873 1413 2963 φανερὸν
1427 2879 1477 2942 καὶ

318 2981 445 3048 occulto
483 2985 516 3045 et
549 2985 711 3045 extremus
744 2977 885 3046 visibilis
912 2976 949 3044 τὸ
983 2974 1111 3066 ἀφανὲς
1137 2982 1239 3066 μέρος
1265 2980 1327 3044 τοῦ
1355 2977 1476 3062 κόσμοι·
1550 2959 1551 3000 ²

319 3079 552 3165 hemisphaerii
581 3081 669 3164 quod
699 3101 797 3164 supra
825 3101 884 3148 nos
911 3083 967 3148 καὶ
991 3080 1176 3163 διχοτομιῦν
1198 3081 1258 3168 τὴν
1278 3071 1361 3168 ὅλην
1379 3094 1477 3167 erpoi-

319 3190 368 3250 est
393 3184 560 3250 circularis
582 3183 655 3249 finis
678 3183 711 3248 in
734 3203 883 3267 campum
911 3208 972 3268 ραν
988 3185 1048 3248 τοῦ
1062 3182 1200 3265 κόσμον,
1217 3174 1305 3248 ὥστε
1315 3177 1477 3271 ἡμιοφαί-

317 3285 882 3370 pelagiundiquenihilomninoob-
910 3309 983 3369 ριον
997 3281 1478 3370 μὲνῦπὲργὴνάντολαμβάνε-

318 3388 461 3470 sistente,
477 3388 569 3454 itaut
580 3387 613 3452 in
625 3389 773 3456 circulari
785 3390 883 3472 plano
911 3392 1009 3469 σθαι,
1028 3383 1253 3477 ἡμισφαίριον
1269 3387 1307 3453 δὲ
1322 3381 1395 3455 ὑπὸ
1413 3391 1478 3476 γῆν.

317 3489 441 3554 ambiat
464 3496 497 3555 et
517 3497 642 3556 resecet
656 3490 767 3556 mundi
783 3491 883 3556 muni·
1345 3523 1353 3540 ·

317 3589 433 3656 festum
448 3591 636 3674 sectionem,
654 3591 697 3658 ad
714 3593 884 3660 veritatem

319 3691 449 3772 quidem
461 3693 564 3758 minor
576 3691 828 3778 hemisphaerio,
841 3694 885 3763 od

318 3791 424 3858 visum
447 3812 525 3859 vero
548 3793 833 3878 hemisphaerium.

402 3895 537 3960 Maximi
559 3896 700 3982 denique
723 3901 876 3965 momenti
898 3907 957 3982 est,
980 3901 1068 3985 quod
1090 3903 1123 3968 iu
1138 3901 1244 3986 cupite
1259 3900 1305 3966 IV
1320 3900 1482 3970 Prisciani
1547 3863 1548 3874 ἵ

317 4001 391 4062 sunt
412 4015 496 4080 quoe
518 3998 552 4062 iu
571 3991 839 4067 ‘introductione'
857 4003 987 4069 omnino
1001 4000 1119 4070 frustra
1134 4022 1280 4087 quaeras.
1314 4002 1390 4070 Huc
1406 4004 1482 4072 iacit

318 4095 463 4165 delinitio
485 4118 516 4183 p.
534 4102 585 4183 66,
602 4105 675 4184 3sq.
699 4103 834 4186 prolata.
881 4100 986 4182 Quum
1008 4110 1115 4170 tamen
1138 4124 1201 4170 non
1223 4105 1265 4170 ab
1288 4105 1363 4189 ipso
1387 4108 1480 4192 Lydo
1546 4175 1547 4200 ἶ
