<?xml version="1.0" encoding="UTF-8"?>
<!DOCTYPE html PUBLIC "-//W3C//DTD XHTML 1.0 Transitional//EN"
    "http://www.w3.org/TR/xhtml1/DTD/xhtml1-transitional.dtd">
<html xmlns="http://www.w3.org/1999/xhtml" xml:lang="en" lang="en">
 <head>
  <title>
</title>
<meta http-equiv="Content-Type" content="text/html;charset=utf-8" />
  <meta name='ocr-system' content='tesseract 3.04.00' />
  <meta name='ocr-capabilities' content='ocr_page ocr_carea ocr_par ocr_line ocrx_word'/>
</head>
<body>
  <div class='ocr_page' id='page_1' title='image "./leipzigerstudie00curtgoog_0404.png"; bbox 0 0 3170 4984; ppageno 0'>
   <div class='ocr_carea' id='block_1_1' title="bbox 15 0 817 3">
    <p class='ocr_par' dir='ltr' id='par_1_1' title="bbox 15 0 817 3">
     <span class='ocr_line' id='line_1_1' title="bbox 15 0 817 3; baseline 0 0"><span class='ocrx_word' id='word_1_1' title='bbox 15 0 817 3; x_wconf 95' lang='lat' dir='ltr'> </span> 
     </span>
    </p>
   </div>
   <div class='ocr_carea' id='block_1_2' title="bbox 302 411 995 472">
    <p class='ocr_par' dir='ltr' id='par_1_2' title="bbox 302 411 995 472">
     <span class='ocr_line' id='line_1_2' title="bbox 302 411 995 472; baseline -0.006 0"><span class='ocrx_word' id='word_1_2' title='bbox 302 411 368 472; x_wconf 73' lang='lat'>220</span> <span class='ocrx_word' id='word_1_3' title='bbox 782 413 847 470; x_wconf 81' lang='lat' dir='ltr'>Otto</span> <span class='ocrx_word' id='word_1_4' title='bbox 865 413 995 469; x_wconf 73' lang='lat' dir='ltr'>Boelrrm</span> 
     </span>
    </p>
   </div>
   <div class='ocr_carea' id='block_1_3' title="bbox 301 583 1480 1282">
    <p class='ocr_par' dir='ltr' id='par_1_3' title="bbox 301 583 1480 1282">
     <span class='ocr_line' id='line_1_3' title="bbox 390 583 1477 670; baseline 0 -17"><span class='ocrx_word' id='word_1_5' title='bbox 390 585 520 670; x_wconf 76' lang='lat' dir='ltr'>Tertia,</span> <span class='ocrx_word' id='word_1_6' title='bbox 543 587 586 653; x_wconf 87' lang='lat' dir='ltr'>de</span> <span class='ocrx_word' id='word_1_7' title='bbox 608 605 673 670; x_wconf 77' lang='lat' dir='ltr'>que</span> <span class='ocrx_word' id='word_1_8' title='bbox 695 585 868 653; x_wconf 78' lang='lat' dir='ltr'>dioendum</span> <span class='ocrx_word' id='word_1_9' title='bbox 892 592 950 668; x_wconf 82' lang='lat' dir='ltr'>est,</span> <span class='ocrx_word' id='word_1_10' title='bbox 973 592 1067 670; x_wconf 74' lang='lat' dir='ltr'>perte</span> <span class='ocrx_word' id='word_1_11' title='bbox 1088 583 1198 670; x_wconf 74' lang='lat' dir='ltr'>egitur</span> <span class='ocrx_word' id='word_1_12' title='bbox 1220 587 1335 666; x_wconf 78' lang='lat' dir='ltr'>(Plut.</span> <span class='ocrx_word' id='word_1_13' title='bbox 1358 587 1477 653; x_wconf 89' lang='lat' dir='ltr'>Publ.</span> 
     </span>
     <span class='ocr_line' id='line_1_4' title="bbox 305 687 1477 765; baseline 0.001 -12"><span class='ocrx_word' id='word_1_14' title='bbox 305 689 432 754; x_wconf 79' lang='lat'>10-12</span> <span class='ocrx_word' id='word_1_15' title='bbox 455 715 497 740; x_wconf 83' lang='lat'>==</span> <span class='ocrx_word' id='word_1_16' title='bbox 518 688 633 754; x_wconf 86' lang='lat' dir='ltr'>Dion.</span> <span class='ocrx_word' id='word_1_17' title='bbox 653 687 682 752; x_wconf 95' lang='lat' dir='ltr'>V</span> <span class='ocrx_word' id='word_1_18' title='bbox 699 689 751 765; x_wconf 86' lang='lat'>19)</span> <span class='ocrx_word' id='word_1_19' title='bbox 773 687 822 753; x_wconf 83' lang='lat' dir='ltr'>de</span> <span class='ocrx_word' id='word_1_20' title='bbox 844 687 1012 754; x_wconf 82' lang='lat' dir='ltr'>Valerio</span> <span class='ocrx_word' id='word_1_21' title='bbox 1034 688 1254 754; x_wconf 72' lang='lat' dir='ltr'>Publicola</span> <span class='ocrx_word' id='word_1_22' title='bbox 1274 689 1363 755; x_wconf 90' lang='lat' dir='ltr'>sine</span> <span class='ocrx_word' id='word_1_23' title='bbox 1386 691 1477 756; x_wconf 87' lang='lat' dir='ltr'>ool-</span> 
     </span>
     <span class='ocr_line' id='line_1_5' title="bbox 302 786 1478 875; baseline 0.002 -19"><span class='ocrx_word' id='word_1_24' title='bbox 302 792 397 874; x_wconf 77' lang='lat' dir='ltr'>lege</span> <span class='ocrx_word' id='word_1_25' title='bbox 410 807 484 874; x_wconf 90' lang='lat' dir='ltr'>per</span> <span class='ocrx_word' id='word_1_26' title='bbox 497 789 671 873; x_wconf 77' lang='lat' dir='ltr'>aliquod</span> <span class='ocrx_word' id='word_1_27' title='bbox 686 797 846 875; x_wconf 85' lang='lat' dir='ltr'>tempos</span> <span class='ocrx_word' id='word_1_28' title='bbox 861 791 1050 872; x_wconf 67' lang='lat' dir='ltr'>eonsules,</span> <span class='ocrx_word' id='word_1_29' title='bbox 1066 786 1478 874; x_wconf 78' lang='lat' dir='ltr'>delegibuspopuluribus</span> 
     </span>
     <span class='ocr_line' id='line_1_6' title="bbox 302 891 1477 976; baseline 0.001 -19"><span class='ocrx_word' id='word_1_30' title='bbox 302 901 371 958; x_wconf 90' lang='lat' dir='ltr'>tum</span> <span class='ocrx_word' id='word_1_31' title='bbox 384 894 427 959; x_wconf 80' lang='lat' dir='ltr'>ab</span> <span class='ocrx_word' id='word_1_32' title='bbox 443 892 583 971; x_wconf 78' lang='lat' dir='ltr'>eoloris,</span> <span class='ocrx_word' id='word_1_33' title='bbox 606 891 762 958; x_wconf 84' lang='lat' dir='ltr'>dedomo</span> <span class='ocrx_word' id='word_1_34' title='bbox 784 893 818 956; x_wconf 89' lang='lat' dir='ltr'>iu</span> <span class='ocrx_word' id='word_1_35' title='bbox 834 891 930 959; x_wconf 78' lang='lat' dir='ltr'>Velis</span> <span class='ocrx_word' id='word_1_36' title='bbox 951 891 1125 959; x_wconf 65' lang='lat' dir='ltr'>aedilitate</span> <span class='ocrx_word' id='word_1_37' title='bbox 1138 893 1317 976; x_wconf 74' lang='lat' dir='ltr'>populique</span> <span class='ocrx_word' id='word_1_38' title='bbox 1339 893 1383 959; x_wconf 92' lang='lat' dir='ltr'>ob</span> <span class='ocrx_word' id='word_1_39' title='bbox 1398 913 1477 958; x_wconf 83' lang='lat' dir='ltr'>eum</span> 
     </span>
     <span class='ocr_line' id='line_1_7' title="bbox 302 993 1477 1078; baseline 0.002 -18"><span class='ocrx_word' id='word_1_40' title='bbox 302 1013 373 1060; x_wconf 90' lang='lat' dir='ltr'>rem</span> <span class='ocrx_word' id='word_1_41' title='bbox 394 993 530 1060; x_wconf 69' lang='lat' dir='ltr'>invidit.</span> <span class='ocrx_word' id='word_1_42' title='bbox 566 993 632 1060; x_wconf 85' lang='lat' dir='ltr'>Hie</span> <span class='ocrx_word' id='word_1_43' title='bbox 652 1011 732 1059; x_wconf 83' lang='lat' dir='ltr'>vero</span> <span class='ocrx_word' id='word_1_44' title='bbox 753 993 942 1077; x_wconf 78' lang='lat' dir='ltr'>neutiquam</span> <span class='ocrx_word' id='word_1_45' title='bbox 964 993 1021 1060; x_wconf 91' lang='lat' dir='ltr'>ille</span> <span class='ocrx_word' id='word_1_46' title='bbox 1036 999 1158 1076; x_wconf 75' lang='lat' dir='ltr'>auctor,</span> <span class='ocrx_word' id='word_1_47' title='bbox 1182 1013 1277 1078; x_wconf 82' lang='lat' dir='ltr'>quent</span> <span class='ocrx_word' id='word_1_48' title='bbox 1293 994 1477 1078; x_wconf 86' lang='lat' dir='ltr'>Dionysius</span> 
     </span>
     <span class='ocr_line' id='line_1_8' title="bbox 301 1095 1480 1180; baseline 0 -17"><span class='ocrx_word' id='word_1_49' title='bbox 301 1101 431 1163; x_wconf 83' lang='lat' dir='ltr'>seoutus</span> <span class='ocrx_word' id='word_1_50' title='bbox 447 1103 505 1177; x_wconf 84' lang='lat' dir='ltr'>est,</span> <span class='ocrx_word' id='word_1_51' title='bbox 520 1095 645 1162; x_wconf 81' lang='lat' dir='ltr'>Antiati</span> <span class='ocrx_word' id='word_1_52' title='bbox 656 1113 717 1162; x_wconf 79' lang='lat' dir='ltr'>sus</span> <span class='ocrx_word' id='word_1_53' title='bbox 727 1096 849 1162; x_wconf 86' lang='lat' dir='ltr'>debuit.</span> <span class='ocrx_word' id='word_1_54' title='bbox 875 1095 961 1161; x_wconf 76' lang='lat' dir='ltr'>Num</span> <span class='ocrx_word' id='word_1_55' title='bbox 975 1097 1142 1180; x_wconf 76' lang='lat' dir='ltr'>pleraque,</span> <span class='ocrx_word' id='word_1_56' title='bbox 1158 1115 1245 1180; x_wconf 73' lang='lat' dir='ltr'>quse</span> <span class='ocrx_word' id='word_1_57' title='bbox 1258 1113 1325 1180; x_wconf 81' lang='lat' dir='ltr'>quo</span> <span class='ocrx_word' id='word_1_58' title='bbox 1334 1098 1480 1164; x_wconf 78' lang='lat' dir='ltr'>oonsilio</span> 
     </span>
     <span class='ocr_line' id='line_1_9' title="bbox 301 1195 1477 1282; baseline 0 -18"><span class='ocrx_word' id='word_1_59' title='bbox 301 1199 417 1266; x_wconf 69' lang='lat' dir='ltr'>Antias</span> <span class='ocrx_word' id='word_1_60' title='bbox 431 1199 466 1264; x_wconf 93' lang='lat' dir='ltr'>in</span> <span class='ocrx_word' id='word_1_61' title='bbox 477 1197 539 1265; x_wconf 90' lang='lat' dir='ltr'>hoo</span> <span class='ocrx_word' id='word_1_62' title='bbox 554 1199 710 1281; x_wconf 85' lang='lat' dir='ltr'>temporis</span> <span class='ocrx_word' id='word_1_63' title='bbox 721 1197 864 1282; x_wconf 83' lang='lat' dir='ltr'>spetlum</span> <span class='ocrx_word' id='word_1_64' title='bbox 871 1199 1076 1278; x_wconf 78' lang='lat' dir='ltr'>oourteverit</span> <span class='ocrx_word' id='word_1_65' title='bbox 1091 1195 1189 1266; x_wconf 77' lang='lat' dir='ltr'>ieoile</span> <span class='ocrx_word' id='word_1_66' title='bbox 1199 1199 1370 1282; x_wconf 85' lang='lat' dir='ltr'>perspieis,</span> <span class='ocrx_word' id='word_1_67' title='bbox 1381 1197 1477 1282; x_wconf 70' lang='lat' dir='ltr'>apud</span> 
     </span>
    </p>
   </div>
   <div class='ocr_carea' id='block_1_4' title="bbox 200 1299 1477 1385">
    <p class='ocr_par' dir='ltr' id='par_1_4' title="bbox 200 1299 1477 1385">
     <span class='ocr_line' id='line_1_10' title="bbox 200 1299 1477 1385; baseline -0.001 -19"><span class='ocrx_word' id='word_1_68' title='bbox 200 1315 205 1322; x_wconf 84' lang='lat'><em>·</em></span> <span class='ocrx_word' id='word_1_69' title='bbox 302 1301 497 1385; x_wconf 84' lang='lat' dir='ltr'>Dionysium</span> <span class='ocrx_word' id='word_1_70' title='bbox 527 1305 571 1376; x_wconf 88' lang='lat' dir='ltr'>(et</span> <span class='ocrx_word' id='word_1_71' title='bbox 592 1301 736 1376; x_wconf 81' lang='lat' dir='ltr'>Livium)</span> <span class='ocrx_word' id='word_1_72' title='bbox 756 1308 813 1366; x_wconf 76' lang='lat' dir='ltr'>out</span> <span class='ocrx_word' id='word_1_73' title='bbox 833 1301 908 1366; x_wconf 76' lang='lat' dir='ltr'>eliis</span> <span class='ocrx_word' id='word_1_74' title='bbox 936 1299 1018 1366; x_wconf 86' lang='lat' dir='ltr'>loeis</span> <span class='ocrx_word' id='word_1_75' title='bbox 1040 1300 1201 1383; x_wconf 71' lang='lat' dir='ltr'>dissipetur</span> <span class='ocrx_word' id='word_1_76' title='bbox 1222 1303 1395 1367; x_wconf 82' lang='lat' dir='ltr'>ooourrumt</span> <span class='ocrx_word' id='word_1_77' title='bbox 1415 1308 1477 1365; x_wconf 70' lang='lat' dir='ltr'>eut</span> 
     </span>
    </p>
   </div>
   <div class='ocr_carea' id='block_1_5' title="bbox 300 1401 1476 2305">
    <p class='ocr_par' dir='ltr' id='par_1_5' title="bbox 300 1401 1476 2305">
     <span class='ocr_line' id='line_1_11' title="bbox 302 1401 1475 1486; baseline -0.002 -17"><span class='ocrx_word' id='word_1_78' title='bbox 302 1405 433 1470; x_wconf 85' lang='lat' dir='ltr'>omnino</span> <span class='ocrx_word' id='word_1_79' title='bbox 449 1401 682 1470; x_wconf 77' lang='lat' dir='ltr'>desiderentur.</span> <span class='ocrx_word' id='word_1_80' title='bbox 690 1406 713 1480; x_wconf 84' lang='lat'>¹)</span> <span class='ocrx_word' id='word_1_81' title='bbox 742 1402 813 1468; x_wconf 83' lang='lat' dir='ltr'>Nee</span> <span class='ocrx_word' id='word_1_82' title='bbox 827 1403 933 1469; x_wconf 84' lang='lat' dir='ltr'>minus</span> <span class='ocrx_word' id='word_1_83' title='bbox 942 1402 1029 1468; x_wconf 75' lang='lat' dir='ltr'>alise</span> <span class='ocrx_word' id='word_1_84' title='bbox 1043 1403 1205 1486; x_wconf 77' lang='lat' dir='ltr'>quaedum</span> <span class='ocrx_word' id='word_1_85' title='bbox 1220 1402 1475 1486; x_wconf 59' lang='lat' dir='ltr'>discrepantiae,</span> 
     </span>
     <span class='ocr_line' id='line_1_12' title="bbox 302 1505 1476 1588; baseline 0 -18"><span class='ocrx_word' id='word_1_86' title='bbox 302 1523 384 1588; x_wconf 84' lang='lat' dir='ltr'>quas</span> <span class='ocrx_word' id='word_1_87' title='bbox 405 1506 440 1570; x_wconf 89' lang='lat' dir='ltr'>iu</span> <span class='ocrx_word' id='word_1_88' title='bbox 461 1505 573 1570; x_wconf 79' lang='lat' dir='ltr'>fabule</span> <span class='ocrx_word' id='word_1_89' title='bbox 594 1505 636 1570; x_wconf 90' lang='lat' dir='ltr'>de</span> <span class='ocrx_word' id='word_1_90' title='bbox 655 1505 752 1571; x_wconf 84' lang='lat' dir='ltr'>domo</span> <span class='ocrx_word' id='word_1_91' title='bbox 766 1505 889 1571; x_wconf 77' lang='lat' dir='ltr'>Valerii</span> <span class='ocrx_word' id='word_1_92' title='bbox 899 1507 923 1580; x_wconf 80' lang='lat'>²)</span> <span class='ocrx_word' id='word_1_93' title='bbox 944 1505 1150 1588; x_wconf 86' lang='lat' dir='ltr'>potissimum</span> <span class='ocrx_word' id='word_1_94' title='bbox 1164 1506 1322 1586; x_wconf 85' lang='lat' dir='ltr'>invenies,</span> <span class='ocrx_word' id='word_1_95' title='bbox 1345 1505 1476 1587; x_wconf 75' lang='lat' dir='ltr'>gloriae</span> 
     </span>
     <span class='ocr_line' id='line_1_13' title="bbox 301 1603 1474 1691; baseline 0 -19"><span class='ocrx_word' id='word_1_96' title='bbox 301 1607 496 1674; x_wconf 77' lang='lat' dir='ltr'>valerianae</span> <span class='ocrx_word' id='word_1_97' title='bbox 523 1607 695 1690; x_wconf 70' lang='lat' dir='ltr'>augendae</span> <span class='ocrx_word' id='word_1_98' title='bbox 724 1607 866 1674; x_wconf 89' lang='lat' dir='ltr'>studium</span> <span class='ocrx_word' id='word_1_99' title='bbox 893 1603 1043 1691; x_wconf 83' lang='lat' dir='ltr'>produnt</span> <span class='ocrx_word' id='word_1_100' title='bbox 1088 1606 1229 1674; x_wconf 83' lang='lat' dir='ltr'>Aoeedit</span> <span class='ocrx_word' id='word_1_101' title='bbox 1254 1606 1344 1689; x_wconf 76' lang='lat' dir='ltr'>quoti·</span> <span class='ocrx_word' id='word_1_102' title='bbox 1370 1607 1474 1690; x_wconf 69' lang='lat' dir='ltr'>plene</span> 
     </span>
     <span class='ocr_line' id='line_1_14' title="bbox 300 1708 1474 1791; baseline -0.002 -16"><span class='ocrx_word' id='word_1_103' title='bbox 300 1712 402 1775; x_wconf 74' lang='lat' dir='ltr'>ulium</span> <span class='ocrx_word' id='word_1_104' title='bbox 431 1729 537 1775; x_wconf 86' lang='lat' dir='ltr'>rerum</span> <span class='ocrx_word' id='word_1_105' title='bbox 568 1709 715 1775; x_wconf 89' lang='lat' dir='ltr'>ordinem</span> <span class='ocrx_word' id='word_1_106' title='bbox 743 1717 857 1776; x_wconf 73' lang='lat' dir='ltr'>tuetur</span> <span class='ocrx_word' id='word_1_107' title='bbox 878 1709 1030 1791; x_wconf 82' lang='lat' dir='ltr'>Dionysii</span> <span class='ocrx_word' id='word_1_108' title='bbox 1058 1717 1189 1774; x_wconf 81' lang='lat' dir='ltr'>seeutus</span> <span class='ocrx_word' id='word_1_109' title='bbox 1217 1715 1275 1774; x_wconf 84' lang='lat' dir='ltr'>est</span> <span class='ocrx_word' id='word_1_110' title='bbox 1319 1708 1353 1775; x_wconf 85' lang='lat' dir='ltr'>ls</span> <span class='ocrx_word' id='word_1_111' title='bbox 1381 1711 1474 1774; x_wconf 88' lang='lat' dir='ltr'>euim</span> 
     </span>
     <span class='ocr_line' id='line_1_15' title="bbox 301 1810 1473 1895; baseline 0.001 -18"><span class='ocrx_word' id='word_1_112' title='bbox 301 1812 469 1877; x_wconf 79' lang='lat' dir='ltr'>Valerium</span> <span class='ocrx_word' id='word_1_113' title='bbox 484 1811 698 1894; x_wconf 82' lang='lat' dir='ltr'>Publioolam‚</span> <span class='ocrx_word' id='word_1_114' title='bbox 722 1819 758 1877; x_wconf 90' lang='lat' dir='ltr'>ut</span> <span class='ocrx_word' id='word_1_115' title='bbox 778 1813 917 1895; x_wconf 89' lang='lat' dir='ltr'>primum</span> <span class='ocrx_word' id='word_1_116' title='bbox 938 1812 1053 1894; x_wconf 88' lang='lat' dir='ltr'>populi</span> <span class='ocrx_word' id='word_1_117' title='bbox 1075 1810 1234 1878; x_wconf 79' lang='lat' dir='ltr'>invidiam</span> <span class='ocrx_word' id='word_1_118' title='bbox 1250 1813 1473 1893; x_wconf 70' lang='lat' dir='ltr'>cognovisset,</span> 
     </span>
     <span class='ocr_line' id='line_1_16' title="bbox 300 1912 1474 1998; baseline 0.002 -20"><span class='ocrx_word' id='word_1_119' title='bbox 300 1933 343 1979; x_wconf 91' lang='lat' dir='ltr'>ne</span> <span class='ocrx_word' id='word_1_120' title='bbox 358 1913 480 1980; x_wconf 91' lang='lat' dir='ltr'>diutius</span> <span class='ocrx_word' id='word_1_121' title='bbox 503 1916 592 1980; x_wconf 91' lang='lat' dir='ltr'>solus</span> <span class='ocrx_word' id='word_1_122' title='bbox 605 1915 779 1998; x_wconf 86' lang='lat' dir='ltr'>imperium</span> <span class='ocrx_word' id='word_1_123' title='bbox 793 1922 927 1997; x_wconf 85' lang='lat' dir='ltr'>teneret,</span> <span class='ocrx_word' id='word_1_124' title='bbox 942 1914 1050 1980; x_wconf 80' lang='lat' dir='ltr'>stetim</span> <span class='ocrx_word' id='word_1_125' title='bbox 1072 1912 1128 1997; x_wconf 85' lang='lat' dir='ltr'>Sp.</span> <span class='ocrx_word' id='word_1_126' title='bbox 1144 1913 1340 1994; x_wconf 74' lang='lat' dir='ltr'>Lucretium,</span> <span class='ocrx_word' id='word_1_127' title='bbox 1362 1933 1474 1996; x_wconf 83' lang='lat' dir='ltr'>eoque</span> 
     </span>
     <span class='ocr_line' id='line_1_17' title="bbox 301 2014 1475 2100; baseline 0.001 -20"><span class='ocrx_word' id='word_1_128' title='bbox 301 2016 402 2099; x_wconf 83' lang='lat' dir='ltr'>paulo</span> <span class='ocrx_word' id='word_1_129' title='bbox 424 2023 500 2100; x_wconf 92' lang='lat' dir='ltr'>post</span> <span class='ocrx_word' id='word_1_130' title='bbox 521 2024 646 2083; x_wconf 89' lang='lat' dir='ltr'>mortuo</span> <span class='ocrx_word' id='word_1_131' title='bbox 668 2017 712 2081; x_wconf 89' lang='lat' dir='ltr'>M.</span> <span class='ocrx_word' id='word_1_132' title='bbox 728 2015 900 2082; x_wconf 74' lang='lat' dir='ltr'>Horatium</span> <span class='ocrx_word' id='word_1_133' title='bbox 923 2015 1270 2097; x_wconf 78' lang='lat' dir='ltr'>eollegumoreavisre</span> <span class='ocrx_word' id='word_1_134' title='bbox 1292 2014 1409 2097; x_wconf 84' lang='lat' dir='ltr'>trudit,</span> <span class='ocrx_word' id='word_1_135' title='bbox 1435 2023 1475 2081; x_wconf 91' lang='lat' dir='ltr'>nt</span> 
     </span>
     <span class='ocr_line' id='line_1_18' title="bbox 300 2115 1473 2204; baseline -0.001 -20"><span class='ocrx_word' id='word_1_136' title='bbox 300 2120 392 2201; x_wconf 85' lang='lat' dir='ltr'>leges</span> <span class='ocrx_word' id='word_1_137' title='bbox 420 2120 612 2202; x_wconf 80' lang='lat' dir='ltr'>populares,</span> <span class='ocrx_word' id='word_1_138' title='bbox 641 2137 726 2204; x_wconf 79' lang='lat' dir='ltr'>quae</span> <span class='ocrx_word' id='word_1_139' title='bbox 754 2117 922 2184; x_wconf 85' lang='lat' dir='ltr'>Pluterohi</span> <span class='ocrx_word' id='word_1_140' title='bbox 944 2119 989 2194; x_wconf 85' lang='lat' dir='ltr'>(et</span> <span class='ocrx_word' id='word_1_141' title='bbox 1010 2117 1097 2184; x_wconf 82' lang='lat' dir='ltr'>Livii</span> <span class='ocrx_word' id='word_1_142' title='bbox 1119 2115 1152 2181; x_wconf 87' lang='lat' dir='ltr'>ll</span> <span class='ocrx_word' id='word_1_143' title='bbox 1175 2119 1205 2199; x_wconf 89' lang='lat'>8,</span> <span class='ocrx_word' id='word_1_144' title='bbox 1223 2119 1256 2192; x_wconf 75' lang='lat'>3)</span> <span class='ocrx_word' id='word_1_145' title='bbox 1283 2118 1473 2183; x_wconf 71' lang='lat' dir='ltr'>nmatione</span> 
     </span>
     <span class='ocr_line' id='line_1_19' title="bbox 301 2219 1473 2305; baseline -0.002 -19"><span class='ocrx_word' id='word_1_146' title='bbox 301 2222 366 2287; x_wconf 88' lang='lat' dir='ltr'>soli</span> <span class='ocrx_word' id='word_1_147' title='bbox 382 2219 515 2287; x_wconf 83' lang='lat' dir='ltr'>Valerio</span> <span class='ocrx_word' id='word_1_148' title='bbox 537 2223 750 2303; x_wconf 69' lang='lat' dir='ltr'>ascribuntur,</span> <span class='ocrx_word' id='word_1_149' title='bbox 773 2219 924 2305; x_wconf 81' lang='lat' dir='ltr'>Dionysii</span> <span class='ocrx_word' id='word_1_150' title='bbox 947 2241 966 2286; x_wconf 92' lang='lat' dir='ltr'>e</span> <span class='ocrx_word' id='word_1_151' title='bbox 987 2221 1147 2286; x_wconf 78' lang='lat' dir='ltr'>relatione</span> <span class='ocrx_word' id='word_1_152' title='bbox 1168 2221 1213 2285; x_wconf 77' lang='lat' dir='ltr'>ab</span> <span class='ocrx_word' id='word_1_153' title='bbox 1233 2226 1371 2302; x_wconf 88' lang='lat' dir='ltr'>utroquo</span> <span class='ocrx_word' id='word_1_154' title='bbox 1394 2237 1473 2286; x_wconf 88' lang='lat' dir='ltr'>eon-</span> 
     </span>
    </p>
   </div>
   <div class='ocr_carea' id='block_1_6' title="bbox 300 2322 1473 2520">
    <p class='ocr_par' dir='ltr' id='par_1_6' title="bbox 300 2322 1473 2520">
     <span class='ocr_line' id='line_1_20' title="bbox 300 2322 1473 2408; baseline -0.002 -19"><span class='ocrx_word' id='word_1_155' title='bbox 300 2325 371 2389; x_wconf 87' lang='lat' dir='ltr'>snle</span> <span class='ocrx_word' id='word_1_156' title='bbox 393 2325 482 2390; x_wconf 82' lang='lat' dir='ltr'>latae</span> <span class='ocrx_word' id='word_1_157' title='bbox 504 2325 578 2390; x_wconf 85' lang='lat' dir='ltr'>sint.</span> <span class='ocrx_word' id='word_1_158' title='bbox 616 2325 717 2391; x_wconf 86' lang='lat' dir='ltr'>Vides</span> <span class='ocrx_word' id='word_1_159' title='bbox 733 2326 832 2408; x_wconf 89' lang='lat' dir='ltr'>igitur</span> <span class='ocrx_word' id='word_1_160' title='bbox 847 2331 882 2390; x_wconf 92' lang='lat' dir='ltr'>et</span> <span class='ocrx_word' id='word_1_161' title='bbox 895 2322 1060 2388; x_wconf 79' lang='lat' dir='ltr'>Valerium</span> <span class='ocrx_word' id='word_1_162' title='bbox 1074 2322 1239 2387; x_wconf 72' lang='lat' dir='ltr'>Antiatem</span> <span class='ocrx_word' id='word_1_163' title='bbox 1256 2327 1290 2386; x_wconf 88' lang='lat' dir='ltr'>et</span> <span class='ocrx_word' id='word_1_164' title='bbox 1304 2327 1473 2387; x_wconf 80' lang='lat' dir='ltr'>auotorenr</span> 
     </span>
     <span class='ocr_line' id='line_1_21' title="bbox 300 2424 1472 2520; baseline 0.001 -30"><span class='ocrx_word' id='word_1_165' title='bbox 300 2427 452 2510; x_wconf 79' lang='lat' dir='ltr'>Dionysii</span> <span class='ocrx_word' id='word_1_166' title='bbox 468 2427 617 2510; x_wconf 74' lang='lat' dir='ltr'>quemvis</span> <span class='ocrx_word' id='word_1_167' title='bbox 632 2427 765 2493; x_wconf 80' lang='lat' dir='ltr'>diversa</span> <span class='ocrx_word' id='word_1_168' title='bbox 778 2428 903 2492; x_wconf 82' lang='lat' dir='ltr'>ratione</span> <span class='ocrx_word' id='word_1_169' title='bbox 918 2432 1089 2506; x_wconf 86' lang='lat' dir='ltr'>utrumque</span> <span class='ocrx_word' id='word_1_170' title='bbox 1104 2430 1214 2520; x_wconf 62' lang='lat' dir='ltr'>nmen</span> <span class='ocrx_word' id='word_1_171' title='bbox 1228 2440 1330 2489; x_wconf 79' lang='lat' dir='ltr'>novus</span> <span class='ocrx_word' id='word_1_172' title='bbox 1353 2424 1472 2492; x_wconf 81' lang='lat' dir='ltr'>leudes</span> 
     </span>
    </p>
   </div>
   <div class='ocr_carea' id='block_1_7' title="bbox 298 2527 1473 3514">
    <p class='ocr_par' dir='ltr' id='par_1_7' title="bbox 299 2527 880 2613">
     <span class='ocr_line' id='line_1_22' title="bbox 299 2527 880 2613; baseline 0.002 -22"><span class='ocrx_word' id='word_1_173' title='bbox 299 2527 430 2594; x_wconf 81' lang='lat' dir='ltr'>Valerio</span> <span class='ocrx_word' id='word_1_174' title='bbox 453 2529 643 2596; x_wconf 84' lang='lat' dir='ltr'>Publioolue</span> <span class='ocrx_word' id='word_1_175' title='bbox 665 2547 880 2613; x_wconf 77' lang='lat' dir='ltr'>comparasse.</span> 
     </span>
    </p>

    <p class='ocr_par' dir='ltr' id='par_1_8' title="bbox 298 2629 1473 3514">
     <span class='ocr_line' id='line_1_23' title="bbox 386 2629 1471 2713; baseline 0.001 -17"><span class='ocrx_word' id='word_1_176' title='bbox 386 2629 450 2697; x_wconf 88' lang='lat' dir='ltr'>Hie</span> <span class='ocrx_word' id='word_1_177' title='bbox 464 2651 530 2697; x_wconf 89' lang='lat' dir='ltr'>non</span> <span class='ocrx_word' id='word_1_178' title='bbox 544 2631 675 2697; x_wconf 87' lang='lat' dir='ltr'>videtur</span> <span class='ocrx_word' id='word_1_179' title='bbox 689 2637 869 2696; x_wconf 81' lang='lat' dir='ltr'>memoratu</span> <span class='ocrx_word' id='word_1_180' title='bbox 885 2629 1056 2713; x_wconf 83' lang='lat' dir='ltr'>iudignum</span> <span class='ocrx_word' id='word_1_181' title='bbox 1069 2629 1160 2694; x_wconf 83' lang='lat' dir='ltr'>uliud</span> <span class='ocrx_word' id='word_1_182' title='bbox 1174 2629 1341 2711; x_wconf 85' lang='lat' dir='ltr'>quoddam</span> <span class='ocrx_word' id='word_1_183' title='bbox 1358 2645 1471 2697; x_wconf 82' lang='lat' dir='ltr'>exem·</span> 
     </span>
     <span class='ocr_line' id='line_1_24' title="bbox 298 2731 1471 2816; baseline 0.002 -20"><span class='ocrx_word' id='word_1_184' title='bbox 298 2733 390 2814; x_wconf 89' lang='lat' dir='ltr'>plum</span> <span class='ocrx_word' id='word_1_185' title='bbox 413 2735 517 2814; x_wconf 89' lang='lat' dir='ltr'>illius,</span> <span class='ocrx_word' id='word_1_186' title='bbox 548 2753 646 2816; x_wconf 85' lang='lat' dir='ltr'>quum</span> <span class='ocrx_word' id='word_1_187' title='bbox 669 2735 800 2816; x_wconf 80' lang='lat' dir='ltr'>saepius</span> <span class='ocrx_word' id='word_1_188' title='bbox 822 2734 888 2797; x_wconf 81' lang='lat' dir='ltr'>iam</span> <span class='ocrx_word' id='word_1_189' title='bbox 910 2733 1110 2815; x_wconf 80' lang='lat' dir='ltr'>invenimus,</span> <span class='ocrx_word' id='word_1_190' title='bbox 1140 2731 1337 2798; x_wconf 87' lang='lat' dir='ltr'>oonfusionis</span> <span class='ocrx_word' id='word_1_191' title='bbox 1360 2733 1471 2799; x_wconf 82' lang='lat' dir='ltr'>diver·</span> 
     </span>
     <span class='ocr_line' id='line_1_25' title="bbox 300 2833 1471 2919; baseline 0.003 -21"><span class='ocrx_word' id='word_1_192' title='bbox 300 2853 408 2898; x_wconf 86' lang='lat' dir='ltr'>sorum</span> <span class='ocrx_word' id='word_1_193' title='bbox 430 2835 584 2918; x_wconf 89' lang='lat' dir='ltr'>fontium,</span> <span class='ocrx_word' id='word_1_194' title='bbox 614 2834 701 2918; x_wconf 87' lang='lat' dir='ltr'>quod</span> <span class='ocrx_word' id='word_1_195' title='bbox 724 2847 834 2900; x_wconf 71' lang='lat' dir='ltr'>mmen</span> <span class='ocrx_word' id='word_1_196' title='bbox 855 2851 924 2899; x_wconf 88' lang='lat' dir='ltr'>non</span> <span class='ocrx_word' id='word_1_197' title='bbox 942 2834 1032 2918; x_wconf 79' lang='lat' dir='ltr'>apud</span> <span class='ocrx_word' id='word_1_198' title='bbox 1053 2833 1263 2918; x_wconf 85' lang='lat' dir='ltr'>Dionysium,</span> <span class='ocrx_word' id='word_1_199' title='bbox 1292 2834 1351 2900; x_wconf 83' lang='lat' dir='ltr'>sed</span> <span class='ocrx_word' id='word_1_200' title='bbox 1378 2836 1471 2919; x_wconf 81' lang='lat' dir='ltr'>apud</span> 
     </span>
     <span class='ocr_line' id='line_1_26' title="bbox 300 2934 1469 3019; baseline 0.001 -21"><span class='ocrx_word' id='word_1_201' title='bbox 300 2935 512 3001; x_wconf 79' lang='lat' dir='ltr'>Plutarchum</span> <span class='ocrx_word' id='word_1_202' title='bbox 534 2938 567 3014; x_wconf 89' lang='lat' dir='ltr'>(i.</span> <span class='ocrx_word' id='word_1_203' title='bbox 584 2955 612 3002; x_wconf 90' lang='lat' dir='ltr'>e.</span> <span class='ocrx_word' id='word_1_204' title='bbox 629 2937 796 3002; x_wconf 81' lang='lat' dir='ltr'>Valerium</span> <span class='ocrx_word' id='word_1_205' title='bbox 811 2934 991 3018; x_wconf 75' lang='lat' dir='ltr'>Antiatem)</span> <span class='ocrx_word' id='word_1_206' title='bbox 1006 2937 1153 3002; x_wconf 86' lang='lat' dir='ltr'>ooourrit.</span> <span class='ocrx_word' id='word_1_207' title='bbox 1191 2935 1336 3004; x_wconf 87' lang='lat' dir='ltr'>Livius</span> <span class='ocrx_word' id='word_1_208' title='bbox 1352 2937 1384 3002; x_wconf 89' lang='lat' dir='ltr'>H</span> <span class='ocrx_word' id='word_1_209' title='bbox 1400 2942 1430 3019; x_wconf 85' lang='lat'>7,</span> <span class='ocrx_word' id='word_1_210' title='bbox 1448 2942 1469 3000; x_wconf 86' lang='lat'>7</span> 
     </span>
     <span class='ocr_line' id='line_1_27' title="bbox 299 3037 1469 3122; baseline 0.003 -22"><span class='ocrx_word' id='word_1_211' title='bbox 299 3037 389 3100; x_wconf 86' lang='lat' dir='ltr'>euim</span> <span class='ocrx_word' id='word_1_212' title='bbox 409 3047 538 3104; x_wconf 74' lang='lat' dir='ltr'>enarrat</span> <span class='ocrx_word' id='word_1_213' title='bbox 560 3040 779 3122; x_wconf 86' lang='lat' dir='ltr'>Publieolum,</span> <span class='ocrx_word' id='word_1_214' title='bbox 809 3045 845 3103; x_wconf 87' lang='lat' dir='ltr'>ut</span> <span class='ocrx_word' id='word_1_215' title='bbox 871 3037 956 3104; x_wconf 79' lang='lat' dir='ltr'>falso</span> <span class='ocrx_word' id='word_1_216' title='bbox 985 3040 1080 3120; x_wconf 82' lang='lat' dir='ltr'>regni</span> <span class='ocrx_word' id='word_1_217' title='bbox 1099 3039 1235 3104; x_wconf 87' lang='lat' dir='ltr'>erimine</span> <span class='ocrx_word' id='word_1_218' title='bbox 1263 3039 1469 3122; x_wconf 80' lang='lat' dir='ltr'>libereretur,</span> 
     </span>
     <span class='ocr_line' id='line_1_28' title="bbox 299 3139 1468 3225; baseline 0.003 -21"><span class='ocrx_word' id='word_1_219' title='bbox 299 3141 478 3207; x_wconf 90' lang='lat' dir='ltr'>summissis</span> <span class='ocrx_word' id='word_1_220' title='bbox 491 3141 636 3209; x_wconf 84' lang='lat' dir='ltr'>fusoibus</span> <span class='ocrx_word' id='word_1_221' title='bbox 658 3144 692 3207; x_wconf 89' lang='lat' dir='ltr'>iu</span> <span class='ocrx_word' id='word_1_222' title='bbox 707 3143 889 3209; x_wconf 80' lang='lat' dir='ltr'>contionem</span> <span class='ocrx_word' id='word_1_223' title='bbox 904 3139 1068 3224; x_wconf 83' lang='lat' dir='ltr'>prodisse,&#39;</span> <span class='ocrx_word' id='word_1_224' title='bbox 1086 3141 1311 3225; x_wconf 84' lang='lat' dir='ltr'>Dionysius</span> <span class='ocrx_word' id='word_1_225' title='bbox 1332 3142 1362 3205; x_wconf 88' lang='lat' dir='ltr'>V</span> <span class='ocrx_word' id='word_1_226' title='bbox 1378 3144 1429 3224; x_wconf 76' lang='lat' dir='ltr'>re,</span> <span class='ocrx_word' id='word_1_227' title='bbox 1447 3146 1468 3207; x_wconf 88' lang='lat'><strong>3</strong></span> 
     </span>
     <span class='ocr_line' id='line_1_29' title="bbox 299 3241 1469 3327; baseline 0.003 -21"><span class='ocrx_word' id='word_1_228' title='bbox 299 3241 466 3307; x_wconf 84' lang='lat' dir='ltr'>seouribus</span> <span class='ocrx_word' id='word_1_229' title='bbox 494 3243 673 3327; x_wconf 69' lang='lat' dir='ltr'>ademptis3</span> <span class='ocrx_word' id='word_1_230' title='bbox 703 3250 873 3326; x_wconf 82' lang='lat' dir='ltr'>utrumque</span> <span class='ocrx_word' id='word_1_231' title='bbox 901 3260 970 3308; x_wconf 89' lang='lat' dir='ltr'>rem</span> <span class='ocrx_word' id='word_1_232' title='bbox 998 3244 1040 3308; x_wconf 80' lang='lat' dir='ltr'>ab</span> <span class='ocrx_word' id='word_1_233' title='bbox 1062 3244 1233 3309; x_wconf 81' lang='lat' dir='ltr'>Antiete</span> <span class='ocrx_word' id='word_1_234' title='bbox 1261 3243 1469 3311; x_wconf 80' lang='lat' dir='ltr'>oouiunotum</span> 
     </span>
     <span class='ocr_line' id='line_1_30' title="bbox 299 3345 1473 3429; baseline 0.003 -21"><span class='ocrx_word' id='word_1_235' title='bbox 299 3361 476 3426; x_wconf 82' lang='lat' dir='ltr'>eognosees</span> <span class='ocrx_word' id='word_1_236' title='bbox 497 3345 586 3428; x_wconf 78' lang='lat' dir='ltr'>opud</span> <span class='ocrx_word' id='word_1_237' title='bbox 601 3345 812 3412; x_wconf 82' lang='lat' dir='ltr'>Plutarohum</span> <span class='ocrx_word' id='word_1_238' title='bbox 835 3353 868 3412; x_wconf 90' lang='lat' dir='ltr'>et</span> <span class='ocrx_word' id='word_1_239' title='bbox 889 3361 1018 3413; x_wconf 88' lang='lat' dir='ltr'>seeures</span> <span class='ocrx_word' id='word_1_240' title='bbox 1033 3345 1203 3429; x_wconf 83' lang='lat' dir='ltr'>ademptus</span> <span class='ocrx_word' id='word_1_241' title='bbox 1219 3361 1290 3412; x_wconf 88' lang='lat' dir='ltr'>esse</span> <span class='ocrx_word' id='word_1_242' title='bbox 1313 3351 1347 3411; x_wconf 92' lang='lat' dir='ltr'>et</span> <span class='ocrx_word' id='word_1_243' title='bbox 1361 3345 1473 3413; x_wconf 78' lang='lat' dir='ltr'>fustes</span> 
     </span>
     <span class='ocr_line' id='line_1_31' title="bbox 298 3447 712 3514; baseline 0.01 -5"><span class='ocrx_word' id='word_1_244' title='bbox 298 3447 487 3512; x_wconf 79' lang='lat' dir='ltr'>summissos</span> <span class='ocrx_word' id='word_1_245' title='bbox 509 3449 712 3514; x_wconf 84' lang='lat' dir='ltr'>referentem.</span> 
     </span>
    </p>
   </div>
   <div class='ocr_carea' id='block_1_8' title="bbox 297 3632 1579 4026">
    <p class='ocr_par' dir='ltr' id='par_1_9' title="bbox 297 3632 1579 4026">
     <span class='ocr_line' id='line_1_32' title="bbox 385 3632 1468 3717; baseline 0.002 -19"><span class='ocrx_word' id='word_1_246' title='bbox 385 3632 453 3699; x_wconf 83' lang='lat' dir='ltr'>Sed</span> <span class='ocrx_word' id='word_1_247' title='bbox 480 3633 628 3701; x_wconf 82' lang='lat' dir='ltr'>venimus</span> <span class='ocrx_word' id='word_1_248' title='bbox 654 3655 740 3702; x_wconf 89' lang='lat' dir='ltr'>nuno</span> <span class='ocrx_word' id='word_1_249' title='bbox 767 3635 812 3700; x_wconf 81' lang='lat' dir='ltr'>ud</span> <span class='ocrx_word' id='word_1_250' title='bbox 841 3634 1008 3717; x_wconf 78' lang='lat' dir='ltr'>quendam·</span> <span class='ocrx_word' id='word_1_251' title='bbox 1030 3633 1237 3701; x_wconf 76' lang='lat' dir='ltr'>historiarum</span> <span class='ocrx_word' id='word_1_252' title='bbox 1258 3641 1402 3717; x_wconf 84' lang='lat' dir='ltr'>purtem,</span> <span class='ocrx_word' id='word_1_253' title='bbox 1432 3637 1468 3700; x_wconf 83' lang='lat' dir='ltr'>in</span> 
     </span>
     <span class='ocr_line' id='line_1_33' title="bbox 299 3735 1579 3820; baseline 0.003 -20"><span class='ocrx_word' id='word_1_254' title='bbox 299 3737 476 3818; x_wconf 78' lang='lat' dir='ltr'>qualonge</span> <span class='ocrx_word' id='word_1_255' title='bbox 490 3738 586 3802; x_wconf 84' lang='lat' dir='ltr'>aliter</span> <span class='ocrx_word' id='word_1_256' title='bbox 601 3757 653 3804; x_wconf 90' lang='lat' dir='ltr'>res</span> <span class='ocrx_word' id='word_1_257' title='bbox 669 3756 705 3804; x_wconf 93' lang='lat' dir='ltr'>se</span> <span class='ocrx_word' id='word_1_258' title='bbox 721 3736 830 3818; x_wconf 79' lang='lat' dir='ltr'>habet,</span> <span class='ocrx_word' id='word_1_259' title='bbox 853 3745 891 3802; x_wconf 91' lang='lat' dir='ltr'>ut</span> <span class='ocrx_word' id='word_1_260' title='bbox 910 3737 1055 3803; x_wconf 77' lang='lat' dir='ltr'>nesciam</span> <span class='ocrx_word' id='word_1_261' title='bbox 1076 3757 1120 3802; x_wconf 78' lang='lat' dir='ltr'>sn</span> <span class='ocrx_word' id='word_1_262' title='bbox 1142 3735 1204 3803; x_wconf 88' lang='lat' dir='ltr'>huo</span> <span class='ocrx_word' id='word_1_263' title='bbox 1226 3737 1297 3804; x_wconf 80' lang='lat' dir='ltr'>sole</span> <span class='ocrx_word' id='word_1_264' title='bbox 1318 3743 1468 3820; x_wconf 71' lang='lat' dir='ltr'>spectata</span> <span class='ocrx_word' id='word_1_265' title='bbox 1578 3791 1579 3796; x_wconf 28' lang='lat'>1</span> 
     </span>
     <span class='ocr_line' id='line_1_34' title="bbox 297 3813 1579 3924; baseline 0.004 -23"><span class='ocrx_word' id='word_1_266' title='bbox 297 3837 417 3919; x_wconf 82' lang='lat' dir='ltr'>uliquis</span> <span class='ocrx_word' id='word_1_267' title='bbox 433 3839 505 3921; x_wconf 83' lang='lat' dir='ltr'>puri</span> <span class='ocrx_word' id='word_1_268' title='bbox 520 3840 590 3905; x_wconf 90' lang='lat' dir='ltr'>iure</span> <span class='ocrx_word' id='word_1_269' title='bbox 605 3839 649 3905; x_wconf 86' lang='lat' dir='ltr'>ad</span> <span class='ocrx_word' id='word_1_270' title='bbox 665 3840 860 3906; x_wconf 81' lang='lat' dir='ltr'>eontrarium</span> <span class='ocrx_word' id='word_1_271' title='bbox 876 3838 973 3906; x_wconf 91' lang='lat' dir='ltr'>finem</span> <span class='ocrx_word' id='word_1_272' title='bbox 996 3841 1231 3922; x_wconf 72' lang='lat' dir='ltr'>quaestionem,</span> <span class='ocrx_word' id='word_1_273' title='bbox 1254 3859 1353 3922; x_wconf 82' lang='lat' dir='ltr'>quom</span> <span class='ocrx_word' id='word_1_274' title='bbox 1368 3859 1470 3924; x_wconf 77' lang='lat' dir='ltr'>supra</span> <span class='ocrx_word' id='word_1_275' title='bbox 1578 3813 1579 3845; x_wconf 47' lang='lat'>¹</span> 
     </span>
     <span class='ocr_line' id='line_1_35' title="bbox 297 3940 986 4026; baseline 0.004 -23"><span class='ocrx_word' id='word_1_276' title='bbox 297 3940 391 4006; x_wconf 87' lang='lat' dir='ltr'>nobis</span> <span class='ocrx_word' id='word_1_277' title='bbox 413 3943 650 4026; x_wconf 89' lang='lat' dir='ltr'>proposuimus,</span> <span class='ocrx_word' id='word_1_278' title='bbox 672 3942 851 4026; x_wconf 77' lang='lat' dir='ltr'>perducere</span> <span class='ocrx_word' id='word_1_279' title='bbox 873 3944 986 4024; x_wconf 87' lang='lat' dir='ltr'>possit.</span> 
     </span>
    </p>
   </div>
   <div class='ocr_carea' id='block_1_9' title="bbox 385 4089 996 4248">
    <p class='ocr_par' dir='ltr' id='par_1_10' title="bbox 385 4089 996 4248">
     <span class='ocr_line' id='line_1_36' title="bbox 386 4089 693 4163; baseline 0.016 -21"><span class='ocrx_word' id='word_1_280' title='bbox 386 4094 410 4157; x_wconf 89' lang='lat' dir='ltr'>l)</span> <span class='ocrx_word' id='word_1_281' title='bbox 428 4089 468 4144; x_wconf 82' lang='lat' dir='ltr'>Of.</span> <span class='ocrx_word' id='word_1_282' title='bbox 487 4107 571 4160; x_wconf 73' lang='lat' dir='ltr'>sopra</span> <span class='ocrx_word' id='word_1_283' title='bbox 587 4107 614 4163; x_wconf 92' lang='lat' dir='ltr'>p.</span> <span class='ocrx_word' id='word_1_284' title='bbox 633 4095 693 4149; x_wconf 77' lang='lat' dir='ltr'>uto.</span> 
     </span>
     <span class='ocr_line' id='line_1_37' title="bbox 385 4175 996 4248; baseline 0.007 -19"><span class='ocrx_word' id='word_1_285' title='bbox 385 4179 411 4241; x_wconf 77' lang='lat'>2)</span> <span class='ocrx_word' id='word_1_286' title='bbox 430 4175 471 4230; x_wconf 84' lang='lat' dir='ltr'>Of.</span> <span class='ocrx_word' id='word_1_287' title='bbox 490 4177 614 4245; x_wconf 74' lang='lat' dir='ltr'>Mitueer,</span> <span class='ocrx_word' id='word_1_288' title='bbox 631 4178 666 4234; x_wconf 88' lang='lat' dir='ltr'>de</span> <span class='ocrx_word' id='word_1_289' title='bbox 682 4186 763 4246; x_wconf 79' lang='lat' dir='ltr'>gente</span> <span class='ocrx_word' id='word_1_290' title='bbox 780 4179 894 4235; x_wconf 64' lang='lat' dir='ltr'>Valerio</span> <span class='ocrx_word' id='word_1_291' title='bbox 908 4196 936 4248; x_wconf 91' lang='lat' dir='ltr'>p.</span> <span class='ocrx_word' id='word_1_292' title='bbox 957 4183 996 4234; x_wconf 92' lang='lat' dir='ltr'>ll.</span> 
     </span>
    </p>
   </div>
   <div class='ocr_carea' id='block_1_10' title="bbox 0 0 1590 4984">
    <p class='ocr_par' dir='ltr' id='par_1_11' title="bbox 0 0 1590 4984">
     <span class='ocr_line' id='line_1_38' title="bbox 0 0 1590 4984; baseline 0 2"><span class='ocrx_word' id='word_1_293' title='bbox 0 0 1590 4984; x_wconf 95' lang='lat' dir='ltr'> </span> 
     </span>
    </p>
   </div>
  </div>
 </body>
</html>
