3318 4970
325 368 365 427 44
734 370 874 437 Augustus
891 367 1044 424 Jonemann

323 542 406 608 inter
428 560 539 608 omnes
563 548 725 625 constare,
748 561 813 625 qua
835 543 868 607 in
890 542 969 608 urbe
992 561 1123 625 praeses
1146 541 1333 626 provinciae
1357 543 1479 628 superi·

323 643 388 710 oris
411 642 523 710 sedem
545 640 659 708 habuit
681 643 841 726 simulque
864 643 949 710 duae
970 645 1115 727 legiones
1145 663 1209 710 una
1237 647 1400 729 praetoria
1422 645 1478 712 ha·

323 745 469 812 buerunt.
479 747 499 822 ¹)
529 742 620 822 Quae
643 744 753 828 opinio
768 750 938 829 praeterea
953 765 992 813 eo
1007 745 1240 828 comprobatur,
1264 746 1351 829 quod
1366 746 1479 816 Rheno

323 846 430 913 subito
446 847 616 922 resoluto²l
632 845 810 913 Germanos
825 847 1023 931 transituros,
1040 848 1210 930 quominus
1227 848 1365 915 Antonio
1387 850 1479 916 auxi·

321 947 400 1014 lium
429 949 558 1030 ferrent,
588 947 760 1031 impeditos
788 967 860 1016 esso
889 949 1010 1031 apertis
1034 949 1141 1016 verbis
1164 949 1316 1015 traditum
1339 957 1396 1018 ost.
1441 951 1480 1018 In

322 1047 465 1117 hibernis
494 1051 592 1132 igitur
620 1049 934 1132 Mogontiacensibus
957 1051 992 1116 1..
1016 1051 1174 1118 Antonius
1197 1050 1388 1120 Saturninus
1417 1054 1477 1120 sub

320 1151 418 1218 finem
440 1153 517 1220 anni
540 1153 591 1216 88.
615 1150 847 1216 Germanorum
876 1151 1030 1219 subsidiis
1060 1153 1170 1236 frctus,
1200 1154 1389 1237 quibuscum
1413 1156 1478 1222 iam

321 1253 442 1321 dudum
466 1254 594 1338 agebat,
616 1274 637 1319 a
658 1253 844 1320 Domitiano
866 1251 995 1320 defecit.

406 1357 455 1422 llo
477 1357 504 1423 si
520 1356 713 1439 quaerimus,
737 1361 815 1438 quot
837 1361 870 1420 et
892 1374 975 1438 quae
998 1356 1142 1438 legiones
1158 1356 1332 1424 Antonium
1347 1365 1478 1425 secutas

320 1457 442 1525 scelere
481 1478 516 1525 sc
554 1457 777 1542 astrinxerint,
818 1456 899 1522 illud
931 1456 1069 1540 primum
1102 1457 1285 1544 videamus,
1320 1478 1479 1543 quaenam

320 1561 467 1644 legiones
490 1566 556 1625 tum
580 1560 613 1624 in
632 1559 814 1626 Germaniis
836 1559 1014 1625 collocatae
1037 1560 1217 1643 quibusque
1240 1563 1352 1628 castris
1375 1563 1479 1646 impo-

320 1663 402 1729 sitae
425 1662 553 1728 lnerint.
584 1659 679 1739 qnod
702 1667 737 1726 ut
758 1661 885 1742 plenius
902 1677 1072 1745 exponam,
1095 1663 1193 1744 paulo
1215 1663 1312 1729 altius
1334 1671 1478 1747 repetam

319 1783 452 1830 necesse
487 1769 545 1846 est,
577 1761 736 1846 quomodo
764 1781 849 1828 anno
873 1765 923 1826 70.
947 1763 1107 1830 exercitus
1130 1762 1341 1831 Germanicus
1375 1772 1477 1832 muta·

318 1869 369 1932 tus
392 1866 443 1931 sit.

407 1970 435 2032 A
452 1969 640 2050 quaestione
657 1967 754 2050 igitur
770 1965 963 2034 difficillima
977 1965 1195 2049 incipiendum
1212 1975 1270 2052 est,
1294 1988 1358 2051 qua
1372 1989 1478 2052 poena

320 2069 539 2154 Vespasianus
560 2071 705 2153 legiones
721 2068 876 2152 affecerit,
899 2087 992 2152 quaa,
1015 2074 1186 2152 postquam
1206 2070 1303 2137 robur
1319 2073 1477 2138 exercitus

319 2192 391 2240 cum
416 2172 546 2238 Vitellio
570 2173 601 2237 in
626 2172 752 2238 ltaliam
773 2171 951 2254 profectum
975 2176 1033 2255 est,
1056 2173 1247 2238 sacramenti
1270 2171 1334 2239 fide
1355 2174 1477 2240 violata

319 2275 352 2340 in
382 2275 510 2358 imperii
539 2274 718 2342 Galliarum
751 2275 884 2340 tutelam
916 2292 952 2339 so
985 2274 1193 2340 contulerant.
1239 2275 1279 2340 nt
1305 2275 1477 2361 Ritterling

320 2382 544 2444 exauctoratus
566 2396 638 2444 csso
660 2397 715 2443 eas
738 2373 883 2459 legiones
899 2376 963 2441 iam
978 2376 1089 2442 statuit
1099 2377 1132 2458 3),
1156 2394 1289 2458 quarum
1313 2379 1478 2460 aquilaea

319 2480 451 2546 Vitellio
467 2479 511 2546 ad
526 2477 631 2546 Rheni
646 2481 733 2562 ripas
748 2479 881 2545 relictae
896 2477 1072 2544 sceleribus
1088 2479 1342 2546 commaculatae
1358 2488 1474 2560 essent,

317 2584 442 2650 scilieet
463 2583 489 2648 I.
513 2583 750 2664 Germanicam,
779 2581 833 2646 IV.
857 2579 1109 2662 Macedonicam,
1140 2579 1211 2644 XV.
1235 2579 1475 2669 Primigeniam,

317 2684 405 2750 XVl.
450 2683 514 2750 Sed
538 2705 732 2768 quamquam
755 2682 849 2750 huius
872 2683 934 2748 viri
957 2682 1044 2749 docti
1066 2682 1257 2748 sententiam
1287 2683 1319 2746 in
1347 2687 1474 2752 univer-

317 2806 389 2853 sum
411 2787 525 2870 probo,
548 2794 656 2854 tamen
679 2791 829 2871 quattuor
851 2785 924 2851 illas
947 2785 1092 2868 legiones
1114 2783 1351 2867 aVcspasiano
1374 2787 1474 2855 disso-

318 2888 403 2954 lutas
437 2906 508 2954 esse
546 2887 723 2954 concedere
756 2907 892 2970 nequeo.
937 2887 1039 2953 Immo
1072 2886 1230 2952 assentior
1264 2890 1475 2956 commilitoni

318 2988 490 3072 Schilling,
514 2991 569 3073 qui
591 3010 655 3057 non
678 2995 837 3073 quattuor,
861 2989 919 3056 sed
942 2994 1006 3055 trcs
1029 2993 1151 3053 tantum
1175 2988 1320 3072 legiones
1342 2997 1409 3056 tum
1426 2992 1473 3058 di·

317 3092 470 3159 missione
500 3111 571 3159 essc
604 3092 732 3174 punitas
762 3111 804 3158 ex
838 3111 877 3157 eo
910 3090 1113 3174 potissimum
1146 3090 1370 3156 coniciendum
1404 3112 1474 3162 csse

319 3195 440 3279 optime
473 3194 713 3278 comprobavit,
748 3194 835 3277 quod
868 3194 1044 3276 Traianus,
1076 3213 1147 3258 cnm
1182 3212 1265 3258 anno
1299 3193 1367 3262 fera
1406 3201 1474 3263 100.

406 3349 430 3413 1)
448 3346 522 3400 Suet.
535 3343 635 3400 Domit.
655 3349 683 3398 l:
703 3383 710 3398 .
731 3383 737 3396 .
757 3384 764 3399 .
779 3336 972 3398 ί[0110100100
990 3344 1065 3412 apud
1082 3342 1196 3396 duarum
1214 3341 1349 3409 legionum
1361 3344 1475 3400 hiberna

317 3444 364 3485 res
382 3444 465 3486 nouas
483 3421 605 3485 moliens'
625 3470 631 3484 .
652 3470 658 3484 .
679 3445 699 3496 .;
717 3426 816 3482 ibidem
835 3442 858 3482 c.
878 3431 909 3482 6:
927 3421 1041 3483 ‘bellum
1059 3427 1136 3483 civile
1154 3430 1255 3482 motum
1272 3440 1289 3480 a
1306 3426 1473 3486 I..n¹lntonio

319 3514 467 3585 superioris
491 3514 651 3571 Germaniae
673 3507 813 3582 praesido’.
832 3542 866 3552 -
885 3513 920 3568 ol.
939 3512 990 3567 Th.
1010 3512 1108 3580 Bergk,
1128 3505 1231 3566 ι1101111
1254 3528 1281 3566 0.
1301 3509 1474 3572 Vindonissa'

316 3601 334 3656 l.
356 3600 375 3654 l.
394 3616 422 3668 p.
441 3603 473 3654 80
486 3615 545 3669 sqq.
562 3631 597 3641 -
614 3600 649 3655 cl.
669 3599 751 3654 etiarn
763 3597 868 3654 Victor.
887 3598 952 3667 epit.
974 3602 1013 3662 ll,
1032 3601 1060 3650 9:
1074 3590 1269 3650 ζ1100100100
1288 3611 1387 3654 curans
1406 3600 1474 3656 Ger·

318 3686 436 3740 maniam
453 3676 628 3754 superlorcm'
646 3689 673 3738 et
683 3700 707 3752 q.
718 3700 740 3739 s.
754 3715 786 3722 —
800 3683 911 3739 Cassius
923 3683 976 3738 Dlo
990 3686 1031 3746 dl,
1046 3685 1090 3734 11:
1104 3673 1249 3747 Ἀντώνιος
1267 3681 1297 3738 δέ
1314 3703 1357 3750 τις
1374 3681 1474 3757 ἄρχων

315 3767 348 3826 ἐν
365 3770 523 3846 Γερμανίᾳ.
542 3799 574 3807 -
593 3768 683 3837 Spart.
708 3785 732 3823 1.
752 3768 831 3824 Pesc.
848 3783 872 3823 c.
891 3771 906 3821 0
926 3772 953 3822 ct
970 3767 1041 3821 Plut.
1059 3781 1083 3820 r.
1103 3767 1198 3824 hennil.
1223 3767 1299 3822 Paul.
1320 3783 1343 3823 0.
1363 3773 1395 3822 25
1414 3771 1475 3826 vide

315 3872 342 3924 p.
362 3859 395 3908 54
413 3854 475 3909 adn.
495 3857 518 3908 2.

406 3943 431 4006 l)
450 3938 525 3994 Suet.
538 3937 638 3994 Domit.
659 3943 688 3993 6:
702 3979 708 3992 .
723 3979 730 3994 .
744 3979 751 3994 .
765 3933 840 3993 ‘curn
858 3938 919 4008 ipsa
936 3937 1115 3993 dimicationis
1127 3936 1196 3991 hora
1206 3936 1342 3992 resolutus
1360 3943 1473 4008 repente

321 4024 433 4082 Rhenus
451 4024 615 4079 transituras
633 4024 668 4080 ad
685 4023 835 4078 Antonium
853 4023 946 4094 copias
964 4022 1142 4078 barbarorum
1159 4015 1329 4078 inhibuissct'
1349 4063 1355 4077 .
1376 4064 1382 4078 .
1402 4061 1409 4076 .

402 4112 427 4176 3)
444 4109 462 4163 l.
481 4108 499 4164 l.
518 4124 545 4176 p.
565 4111 606 4175 65,
624 4108 713 4175 obtin
731 4123 793 4178 app.
813 4110 854 4175 l.).
