3318 4970
332 401 372 460 34
634 447 639 456 .
754 399 894 467 Augustus
911 395 1064 454 Jouemaun

334 594 397 660 quo
427 595 448 640 a
476 572 605 640 Nerone
640 591 658 640 e
692 571 797 639 classe
830 570 1012 655 conscripta
1044 576 1123 654 erat,
1159 588 1262 654 nsque
1293 567 1336 636 ad
1365 569 1493 637 initium

333 678 523 845 81111111531ιί0
552 795 637 844 nuno
664 774 706 842 ad
735 775 871 844 alterum
902 774 992 859 illud,
1029 773 1115 858 quod
1137 773 1271 856 institui,
1301 779 1336 840 ut
1357 771 1491 840 doceam

336 1002 366 1066 2.
401 997 512 1078 Quas
535 1017 599 1065 res
622 998 733 1081 legio
755 997 781 1063 1.
804 995 998 1063 Adiutrix
1027 996 1066 1062 in
1088 995 1292 1080 Hispania
1313 995 1494 1078 gesserit

613 1105 651 1165 et
674 1097 865 1183 quamdiu
887 1098 949 1164 ibi
972 1104 1130 1165 morata
1151 1098 1214 1165 sit.

422 1235 501 1301 Cum
529 1235 616 1318 legio
644 1236 678 1304 iu
700 1233 867 1318 Hispania,
896 1233 951 1300 ubi
973 1234 1070 1317 paulo
1093 1239 1168 1316 post
1196 1253 1337 1318 pugnam
1360 1231 1492 1298 Bedria-

337 1356 466 1404 ceusem
489 1355 560 1404 eam
583 1337 774 1404 collocatam
798 1356 868 1403 csse
885 1337 1103 1421 cognovimus,
1127 1354 1255 1418 semper
1277 1335 1492 1418 gratissimam

337 1436 473 1506 Othonis
496 1439 684 1505 memoriam
707 1438 869 1520 retineret,
892 1438 964 1522 ipsa
987 1457 1114 1522 quoque
1130 1473 1172 1483 -
1187 1438 1305 1504 etenim
1328 1435 1415 1521 apud
1430 1435 1493 1501 Ta-

338 1541 437 1608 citum
461 1541 559 1607 etiam
583 1539 738 1606 hocloco
767 1541 977 1607 iterumoum
1000 1541 1128 1623 legione
1150 1539 1237 1605 XIV.
1260 1538 1398 1606 Gemina
1420 1558 1492 1605 con·

335 1644 445 1709 innota
477 1650 614 1728 apparet
646 1677 687 1689 -
718 1649 840 1709 tentata
871 1650 929 1726 est,
963 1651 998 1707 nt
1029 1641 1264 1725 Vespasianum
1297 1645 1492 1723 sequeretur.

336 1742 403 1810 Sed
419 1763 613 1826 quamquam
630 1745 699 1810 eius
714 1744 810 1811 rebus
832 1745 972 1828 favebat,
995 1749 1103 1810 tamen
1125 1763 1189 1810 non
1205 1744 1311 1810 statim
1327 1763 1348 1807 a
1362 1741 1493 1807 Vitellio

336 1846 504 1927 deiecisse,
527 1844 585 1912 sed
609 1852 758 1914 cunomta
779 1846 1005 1929 videturesse,
1029 1845 1105 1911 dum
1128 1844 1171 1911 ad
1187 1851 1307 1912 certum
1321 1843 1418 1910 finem
1440 1861 1491 1909 res

335 1948 549 2031 pervenirent.
558 1950 578 2026 ¹)
609 1947 689 2014 Cum
712 1954 820 2014 autem
836 1949 993 2015 Antonius
1008 1948 1144 2030 Primus,
1167 1945 1234 2013 dux
1257 1946 1378 2030 lllyrici
1402 1965 1492 2011 exer·

335 2050 427 2131 citus,
450 2049 599 2116 secundis
622 2050 754 2133 proeliis
782 2069 858 2117 usus
888 2057 973 2117 esset
994 2056 1091 2133 atque
1114 2049 1216 2114 Fabio
1239 2047 1375 2114 Valente
1398 2053 1492 2129 capto

336 2169 416 2236 opes
433 2149 555 2217 Vitellii
571 2153 774 2234 corruissent,
797 2153 905 2235 palam
928 2151 971 2217 ad
986 2151 1214 2218 Flavianorum
1237 2156 1345 2234 partes
1368 2149 1494 2214 transiit

335 2253 541 2337 reliquasque
564 2252 644 2320 duas
667 2255 812 2335 legiones
835 2253 1037 2336 Hispanioas,
1066 2261 1101 2319 ut
1127 2252 1215 2319 idem
1236 2253 1388 2332 lacerent,
1415 2250 1492 2316 inoi·

336 2355 428 2421 tavit.
452 2389 494 2400 -
516 2355 670 2420 Extremo
704 2355 802 2438 igitur
829 2375 913 2421 anuo
938 2358 987 2420 69.
1010 2357 1044 2420 in
1067 2355 1227 2438 Hispania
1255 2360 1319 2420 tres
1347 2353 1493 2436 legiones

335 2457 550 2541 tendebantll,
572 2458 659 2539 legio
682 2457 706 2522 1.
729 2455 892 2538 Adiutrix,
917 2457 968 2523 VI.
993 2456 1126 2538 Victrix,
1149 2457 1190 2522 X.
1214 2455 1359 2536 Gemina,
1383 2453 1492 2536 ibique

336 2559 556 2640 remanebant,
590 2578 662 2624 cum
696 2558 779 2624 inter
801 2557 1010 2626 Germanicas
1040 2566 1072 2626 et
1101 2559 1248 2642 Illyricas
1277 2557 1423 2640 legiones
1452 2555 1492 2621 de

335 2661 520 2745 principatu
543 2660 576 2724 in
598 2660 694 2726 Italia
716 2659 943 2726 decertaretur.

340 2795 542 2808 ,μοι-*Η

429 2863 453 2926 1)
472 2859 508 2916 ci.
527 2859 593 2914 Tac.
612 2858 675 2916 hist.
688 2859 725 2916 11.
739 2862 783 2914 86:
797 2853 930 2928 ‘scriptae
947 2859 976 2914 in
987 2860 1157 2917 Britanniam
1175 2860 1209 2916 ad
1222 2860 1493 2930 quartadecumauos‚

336 2947 365 3000 iu
383 2944 541 3013 Hispaniam
559 2943 594 2998 ad
612 2943 750 3016 primanos
769 2945 910 3015 epistulae,
935 2946 1006 3014 quod
1024 2951 1139 3015 utraque
1161 2946 1231 3016 legio
1250 2962 1300 3016 pro
1320 2947 1427 3002 Othone
1445 2947 1492 3005 ad·

337 3045 416 3088 uersa
433 3029 544 3088 Vitellio
562 3029 662 3096 fuerat,
684 3035 874 3100 momentoque
892 3029 1021 3100 temporis
1038 3029 1173 3099 flagrabat
1189 3032 1284 3101 ingens
1302 3033 1411 3100 bellum,
1430 3032 1493 3102 Illy·

337 3116 403 3172 nicia
422 3115 586 3171 exercitibus
604 3115 694 3184 palam
712 3115 936 3181 desciscentibus,
956 3117 1051 3171 ceteris
1070 3117 1207 3172 fortunam
1225 3110 1379 3174 secuturia'.
1396 3147 1431 3158 -
1443 3117 1495 3172 Mi·

338 3203 409 3256 nime
435 3200 518 3268 igitur
544 3199 688 3268 quisquam
713 3199 846 3255 iudicabit
869 3204 909 3266 (ut
930 3199 1050 3256 Pfitzner
1066 3202 1093 3256 ll.
1113 3217 1140 3270 p.
1160 3205 1221 3268 219)
1242 3202 1373 3271 legionem
1399 3203 1439 3258 ita
1465 3219 1494 3258 se

341 3287 468 3355 gessisse,
486 3290 517 3340 ut
529 3289 708 3356 exspectaret,
727 3299 797 3354 quae
808 3285 922 3340 consilia
931 3290 1037 3342 ceterae
1047 3287 1166 3355 legiones
1178 3285 1343 3357 Hispanicaa
1356 3292 1495 3358 caperent,

338 3371 496 3440 praesertim
521 3387 582 3428 eum
604 3386 651 3427 aas
675 3386 783 3442 quoque
800 3370 896 3426 iisdem
913 3371 1011 3428 animis
1030 3387 1090 3428 esse
1113 3373 1186 3428 haud
1203 3373 1347 3442 ignoraret.
1383 3374 1494 3443 apertis

337 3458 409 3512 anim
426 3457 516 3513 verbis
534 3457 679 3514 memoriae
697 3457 826 3516 traditum
845 3461 886 3512 est
904 3472 996 3513 omnes
1013 3458 1140 3528 legiones,
1158 3473 1227 3530 quae
1244 3463 1302 3516 tum
1319 3458 1349 3514 in
1361 3459 1495 3528 Hispania

340 3546 433 3597 casua
450 3543 596 3608 habebant,
614 3558 712 3612 magno
731 3557 793 3611 erga
804 3542 1000 3612 Vespasianum
1019 3544 1108 3600 studio
1127 3542 1239 3600 affectas
1256 3559 1316 3602 esse
1334 3545 1410 3611 (Tac.
1429 3546 1494 3602 hist.

335 3627 432 3682 1197.
470 3627 504 3682 cf.
523 3629 585 3681 adn.
605 3631 640 3693 2).

423 3717 448 3779 2)
467 3711 502 3768 ci.
521 3711 588 3767 Tac.
606 3713 669 3767 hist.
689 3713 725 3768 11.
738 3717 784 3767 tlt:
799 3705 900 3783 ‘neque
918 3727 951 3768 ex
968 3713 1108 3783 Hispaniis
1125 3715 1325 3784 properabatur
1342 3716 1417 3771 nullo
1436 3721 1493 3771 tum

335 3797 374 3854 ibi
394 3797 542 3854 consulari:
561 3797 643 3852 trium
661 3798 796 3867 legionum
813 3799 898 3866 legati
915 3813 996 3867 pares
1013 3799 1073 3854 iure
1089 3802 1117 3853 et
1133 3800 1272 3870 prosperis
1291 3801 1392 3856 Vitellii
1409 3801 1493 3857 rebus

336 3883 468 3940 certaturi
485 3882 519 3938 ad
538 3883 705 3953 obsequium,
728 3884 867 3939 aduersam
890 3885 949 3939 eius
976 3887 1111 3940 fortunam
1130 3899 1268 3955 exaequo
1287 3879 1493 3942 detrectabant.

336 3999 369 4010 -
387 3969 428 4024 Id.
447 3968 511 4024 hist.
530 3967 579 4022 111.
599 3972 644 4023 ll:
668 3962 768 4040 ‘Capto
795 3970 910 4026 Valente
938 3975 1037 4026 cancta
1063 3969 1098 4026 ad
1124 3971 1233 4028 uictoris
1259 3987 1324 4041 opes
1354 3987 1493 4040 conuersa,

335 4053 413 4110 initio
431 4069 480 4124 per
496 4052 657 4124 Hispaniam
674 4069 692 4110 a
709 4057 796 4124 prima
807 4055 948 4112 Adiutrice
965 4055 1071 4124 legione
1088 4060 1158 4123 orto,
1176 4071 1246 4127 quae
1264 4058 1391 4113 memoria
1410 4057 1494 4114 Otho·

335 4139 378 4196 nis
395 4137 503 4195 infensa
520 4138 629 4195 Vitellio
648 4140 788 4198 decumam
806 4155 913 4211 quoqne
931 4156 965 4196 ac
983 4144 1089 4197 sextam
1107 4135 1208 4198 traxit'.
