3170 4984
226 1367 413 1434 Vitruvius
443 1367 518 1433 libri
548 1366 589 1432 X.
620 1368 780 1451 capitibus
803 1366 1002 1434 XIII-XV
1032 1368 1323 1452 (1.271-7911.

162 1473 248 1538 Rosa
272 1474 304 1536 et
318 1466 657 1554 Mueller-Struebing)
679 1469 721 1535 de
744 1470 989 1552 oppugnatoriis
1011 1470 1107 1538 rebus
1131 1470 1234 1538 docet.
1273 1471 1324 1537 De

163 1572 280 1658 quibus
293 1577 465 1654 postquam
489 1571 661 1637 nonnullos
684 1571 772 1636 locos
795 1568 1014 1638 Schneiderns
1036 1572 1070 1636 in
1093 1572 1323 1639 commentario

162 1674 205 1742 ad
228 1673 411 1739 Vitruvium
440 1673 622 1756 conscripto
652 1671 816 1750 (editionis
845 1673 910 1736 vol.
938 1671 995 1737 ΙΙΙ.
1017 1675 1227 1758 1361111.)
1251 1693 1323 1740 uum

162 1775 324 1843 Athenaei
339 1775 419 1857 περὶ
441 1770 689 1860 μηχανημάτων
711 1774 794 1839 libro
818 1775 1014 1858 composuit,
1044 1775 1185 1842 Haasiua
1208 1777 1241 1840 in
1265 1777 1323 1860 eis,

161 1897 245 1962 quae
261 1878 303 1944 de
318 1876 456 1943 Philone
472 1876 629 1960 Byzantio
645 1876 678 1941 in
701 1875 816 1943 Erechi
839 1883 871 1942 et
893 1875 1032 1942 Grnberi
1055 1877 1179 1961 encycl.
1204 1879 1246 1961 (p.
1260 1881 1322 1943 429

161 1981 236 2048 adn.
253 1979 313 2057 XI)
329 1978 491 2062 disseruit,
514 1983 615 2045 totarn
629 1978 720 2044 illam
737 1978 975 2062 expositionem
998 1997 1040 2044 ex
1055 1977 1217 2044 Athenaei
1239 1977 1323 2044 lrhro

161 2087 322 2168 sumptam
352 2101 423 2148 esse
452 2080 626 2148 contendit.
672 2081 732 2148 Oui
760 2081 957 2165 sententiae,
988 2101 1061 2147 cum
1090 2081 1146 2146 diu
1176 2082 1323 2147 omnibus

162 2191 248 2251 esset
275 2183 429 2268 probata,
463 2201 564 2267 nuper
591 2183 754 2250 Dielesins
784 2183 907 2248 exstitit
936 2183 1159 2265 adversarius,
1193 2183 1248 2266 qni
1282 2182 1324 2248 de

162 2285 311 2352 Stratone
323 2283 461 2368 physico
477 2284 646 2368 disputans
662 2275 863 2366 (Sitngsher.
880 2284 911 2348 d.
925 2279 1010 2350 Berl.
1026 2275 1148 2350 Akad.'
1170 2286 1252 2350 1893
1264 2283 1322 2348 IX.

160 2409 192 2472 p.
213 2392 248 2452 11
267 2386 341 2452 adn.
354 2387 381 2464 I)
405 2386 509 2456 obiter
524 2385 693 2453 adnotavit
707 2385 911 2453 Athenaeum
926 2392 1059 2470 propter
1074 2385 1205 2452 dicendi
1221 2403 1323 2468 genus

161 2489 225 2556 sihi
246 2488 352 2554 videri
375 2488 477 2554 altero
499 2507 532 2570 p.
548 2485 623 2553 (ihr.
639 2506 671 2550 1.
694 2487 824 2553 saeculo
847 2486 964 2569 fuisse,
995 2506 1078 2571 quae
1107 2493 1216 2553 autem
1239 2488 1322 2552 inter

160 2591 343 2657 Vitruvium
360 2596 393 2657 et
406 2587 611 2655 Athenaeum
627 2594 734 2655 essent
756 2589 994 2674 similitudines,
1018 2607 1074 2656 aas
1098 2608 1139 2654 ex
1163 2588 1322 2654 communi

159 2693 248 2760 tonte
270 2691 413 2760 duxisse.
460 2691 596 2758 Videtur
621 2691 720 2774 igitur
742 2709 862 2774 operae
885 2693 1023 2776 pretium
1046 2708 1118 2757 esse
1141 2691 1205 2755 iarn
1229 2709 1322 2756 accu-

158 2795 261 2862 ratius
290 2795 494 2876 examinare,
524 2793 603 2877 quid
632 2792 842 2866 hereticus,
872 2812 957 2877 quac
979 2793 1062 2858 inter
1085 2793 1266 2858 Vitruvium
1291 2798 1323 2858 11

159 2896 363 2963 Athenaeum
386 2894 566 2979 intercedit,
590 2894 799 2962 indicandum
822 2896 872 2962 sit.

246 3001 354 3082 Atque
370 2995 433 3063 huo
448 2996 580 3080 quidem
596 2999 650 3064 vel
665 2997 869 3064 festinantius
885 3003 1056 3080 utrumque
1078 2997 1200 3080 legenti
1222 3014 1322 3081 appa·

160 3101 245 3166 rebit
260 3101 364 3167 sulum
379 3100 480 3166 licere
495 3117 661 3186 quaerere,
678 3106 809 3166 utrum
832 3099 1050 3166 Vitruvius
1072 3097 1322 3164 Athenaeum

159 3207 318 3270 secutus
348 3201 415 3285 sit,
445 3221 493 3267 an
520 3207 694 3285 uterque
724 3202 773 3268 ad
796 3200 970 3268 eundem
992 3199 1145 3267 fontem
1167 3199 1321 3266 redeat.

159 3305 246 3370 Nam
261 3303 465 3370 Athenaeum
481 3323 544 3369 non
561 3322 603 3369 ex
614 3303 762 3369 Vitruvio
777 3302 925 3370 hausisse
940 3301 1024 3369 adeo
1041 3310 1089 3370 est
1103 3305 1319 3386 perspicuum,

159 3414 195 3472 ut
217 3407 296 3474 satis
319 3405 458 3472 habeam
482 3404 585 3471 obiter
600 3404 665 3471 duo
680 3412 871 3488 argumenta
885 3406 1060 3488 attingere:
1083 3403 1319 3488 primumVi-

160 3509 259 3574 truvii
275 3507 526 3592 descriptionem
542 3507 585 3573 ad
597 3507 757 3574 Graecum
773 3508 915 3590 aliquem
932 3507 1121 3591 scriptorem
1133 3505 1240 3571 redire
1251 3505 1320 3589 pla·

159 3631 237 3676 num
252 3615 302 3677 est
316 3608 490 3688 (interdum
514 3610 612 3675 etiam
635 3608 762 3676 Graeca
783 3610 885 3676 verba
907 3609 1065 3692 servavit;
1089 3608 1129 3674 cf.
1145 3627 1176 3690 p.
1193 3609 1266 3689 174,
1281 3611 1320 3674 19

160 3709 331 3797 κριοδόκη.
361 3715 434 3795 275,
451 3713 492 3777 23
516 3707 650 3794 ἒόχάρα.
675 3713 747 3796 276,
759 3714 778 3778 3
792 3704 1017 3793 ἆμαξόποόες.
1041 3713 1114 3792 275,
1129 3701 1319 3794 131111),

158 3814 363 3881 Athenaeum
378 3820 495 3897 autem,
511 3812 627 3879 Latino
643 3819 774 3879 auctore
789 3833 883 3880 usum
899 3831 970 3878 esse
993 3830 1066 3880 curn
1082 3829 1140 3894 per
1156 3831 1192 3878 se
1214 3812 1320 3879 minus

158 3917 229 3983 veri
245 3921 294 3982 est
309 3915 425 3999 simile,
448 3921 515 3980 tum
532 3933 596 3998 quo
612 3913 674 3980 hoc
697 3915 878 3996 colligatur,
903 3933 997 3980 omne
1019 3911 1112 3980 deest
1133 3915 1318 3997 vestigium.

158 4017 320 4084 Deinde
333 4036 411 4083 vero
422 4015 559 4099 accedit,
574 4014 856 4099 quodAtheuaeus
868 4017 971 4082 multa
982 4013 1125 4096 exhibet,
1139 4035 1223 4099 quae
1230 4017 1320 4100 apud

158 4117 342 4186 Vitruvium
360 4119 458 4202 plane
474 4117 701 4185 desiderantur
712 4117 808 4195 (infra
826 4137 867 4184 aa
883 4115 1033 4199 afferam3
1052 4115 1141 4268 cf9.*p.
1156 4120 1219 4184 293
1227 4121 1318 4202 sqqt.

1060 4219 1071 4267 1
