3270 4968
317 391 358 450 54
738 392 919 461 Engelbertus
938 392 1045 462 Dremp

308 563 475 648 ἐσθήσεσι
506 573 572 632 ΓΛ
600 589 648 651 pr.
694 571 745 633 34.
775 564 848 634 ἐστὶ
877 571 957 632 ΖΠ;
991 563 1065 632 ἐστὶ
1098 572 1164 630 suiv
1198 571 1229 630 Γ
1226 571 1274 631 Λ.
1326 571 1376 632 34.
1411 561 1471 628 ἐπὶ

308 664 395 730 ιιολύ
411 672 492 734 ΖΠ;
516 667 573 734 ἐπὶ
588 669 626 733 τὸ
643 670 730 735 πολὺ
745 675 822 734 ΓΛ.
860 673 911 735 36.
929 663 1115 753 ήνΖΠΘαι
1139 666 1198 734 ἐὰν
1214 673 1290 734 ΓΛ.
1329 657 1468 733 37.ἀό’

307 773 388 834 zm:
412 759 485 832 ὕπ’
511 773 640 838 ΓΛοα.

395 871 568 941 Praeterea
591 874 688 940 etiam
711 874 744 939 in
773 876 812 950 ἐξ
838 873 929 952 14739
958 874 1112 941 lectiones
1142 873 1357 954 inveniuntur,
1387 889 1470 954 quae

312 974 366 1040 vel
389 993 460 1040 oum
483 976 556 1042 cod.
579 980 618 1039 A
641 981 752 1042 contra
773 979 813 1039 Π
832 977 884 1041 vel
914 981 1024 1042 eontra
1052 975 1181 1042 codices
1203 981 1243 1038 A
1265 981 1298 1041 et
1319 978 1357 1038 Π
1376 978 1470 1040 stant.

311 1074 440 1143 Codicis
462 1083 502 1141 A
524 1079 610 1145 enim
632 1079 787 1146 lectiones
810 1077 915 1145 codex
937 1084 969 1141 Z
989 1079 1193 1161 amplectitur
1215 1077 1266 1144 bis
1289 1075 1385 1144 locis:

393 1179 426 1244 II
450 1182 497 1245 16.
521 1176 793 1266 dissociaverat
817 1185 901 1244 ZA:
932 1173 1153 1264 ἀδικήσονται
1184 1185 1215 1244 Γ
1211 1181 1310 1246 ΠΘα.
1356 1182 1406 1243 20.
1429 1177 1471 1241 τὰ

310 1282 390 1362 περὶ
413 1282 551 1347 ΖΛΘαε
576 1284 632 1346 καὶ
656 1283 735 1365 περὶ
758 1287 797 1346 Π
815 1280 946 1364 (τὰμὲν
963 1279 1051 1366 πρὸς
1066 1285 1118 1362 Γ).
1157 1286 1208 1348 20.
1225 1279 1368 1350 σεαυτὸν
1384 1285 1470 1344 ΖΛ;

311 1380 436 1448 σαυτὸν
472 1388 504 1447 Γ
500 1386 598 1451 flea.
649 1388 701 1452 22.
740 1381 974 1469 εὐδοκιμήσεις
1011 1390 1123 1451 ΖΛΓι
1164 1380 1390 1468 εὖὸοκιμήσής
1426 1386 1471 1445 Π.

311 1488 362 1550 27.
384 1491 447 1571 τῆς
468 1493 555 1552 ZA:
584 1491 645 1572 τῆς
675 1492 739 1570 σῆς
767 1488 891 1553 moa.
937 1490 987 1553 28.
1012 1485 1090 1573 έχῃς
1120 1487 1270 1552 mea
1291 1507 1357 1570 pr.:
1386 1482 1472 1564 έχοις

311 1589 399 1654 ΠΘα
423 1609 503 1656 corr.
526 1608 590 1656 ree.
635 1592 686 1656 30.
711 1585 899 1673 dru’doeuyi
922 1589 1088 1654 ΖΛΓΘαε
1113 1587 1171 1654 ἐπ’
1196 1585 1319 1673 ἀρενήν
1342 1590 1387 1663 Π,

398 1712 469 1758 cum
493 1697 604 1758 contra
625 1691 754 1758 codices
777 1695 815 1754 A
837 1696 869 1758 et
891 1695 929 1756 Π
948 1692 1047 1758 faciat
1069 1691 1138 1760 bic:

398 1793 430 1857 II
461 1795 509 1859 18.
539 1787 788 1876 ἂμειοικινήιως
817 1799 882 1873 Ζςι
913 1789 1078 1876 ἀκινήτως
1112 1795 1278 1859 ΓΛΠΘα.
1332 1795 1383 1857 24.
1412 1796 1474 1874 τῆς

314 1893 442 1960 ἑαυτῶν
465 1901 532 1975 Ζςτ
561 1901 621 1981 τῆς
644 1886 752 1960 αὐτῶν
775 1900 806 1958 Γ
803 1896 932 1960 Anda
955 1893 1028 1979 (τῆς
1050 1890 1158 1960 αὖτιῦν
1191 1895 1265 1978 ΒΙ.).
1311 1899 1362 1960 25.
1393 1893 1474 1975 περὶ

314 1989 359 2060 ὥν
395 1991 603 2084 dumella]
638 2004 704 2078 Zg:
742 1996 821 2080 περὶ
859 1991 1110 2079 ὦν...μέλλει
1147 2004 1225 2063 ΛΠ
1259 1997 1388 2078 (μέλλοι
1425 2001 1475 2072 Γ).

315 2104 366 2166 27.
387 2104 574 2184 χρωμένοις
599 2107 665 2182 Ζςε
686 2106 873 2187 χρωμένοις
902 2095 990 2167 εἶναι
1018 2107 1049 2166 Γ
1046 2105 1129 2166 ΛΠ.
1179 2103 1229 2167 28.
1251 2098 1330 2176 τοὺς
1360 2099 1476 2182 λέγον-

315 2227 377 2280 τας
405 2209 473 2284 Ζςε
507 2200 584 2279 τούς
613 2228 649 2268 τε
680 2204 837 2286 λέγοντας
859 2209 890 2268 Γ
887 2208 970 2269 ΛΠ.
1015 2207 1066 2269 29.
1090 2200 1213 2286 οἷσπερ
1237 2199 1277 2267 ἂν
1308 2196 1386 2278 τούς
1410 2208 1476 2282 Ζςι

314 2304 440 2388 αἷσπερ
473 2305 552 2384 τοὺς
580 2312 610 2370 Γ
607 2307 747 2373 Alica.
792 2310 842 2373 37.
873 2305 1035 2389 ποιήσεις
1065 2313 1131 2387 Ζςι
1164 2304 1314 2392 ιιοιήσης
1342 2305 1477 2370 ΛΠΘα

315 2409 468 2496 (πράξεις
490 2414 544 2486 Γ).

242 2520 246 2529 ’
400 2512 467 2580 Sed
488 2514 627 2598 primum
650 2512 692 2578 ad
715 2518 854 2579 aetatem
877 2531 1016 2590 recurro,
1040 2531 1104 2596 qua
1119 2511 1225 2578 codex
1248 2517 1401 2578 exaratus
1417 2517 1476 2595 est,

316 2637 387 2684 oum
415 2618 449 2682 in
476 2617 582 2700 prima
610 2617 675 2681 iam
705 2616 849 2682 oratione
882 2614 1047 2680 librarium
1078 2615 1228 2699 exemplo
1258 2614 1477 2681 contaminato

316 2739 408 2786 nsum
430 2739 502 2786 esse
524 2718 788 2784 intellexerimus.
832 2718 1006 2782 Praeterea
1028 2718 1250 2784 Buermannus
1273 2718 1345 2801 ipse
1367 2717 1479 2784 docuit

316 2821 475 2886 familiam
496 2820 618 2887 codicis
640 2817 780 2886 Parisini
802 2821 841 2882 Π
860 2819 1040 2901 complures
1063 2817 1193 2886 codices
1216 2820 1389 2898 continere,
1422 2819 1478 2902 qui

318 2923 368 2988 sui
390 2923 470 2988 iuris
492 2928 609 3003 essent,
632 2927 667 2988 ut
681 2920 827 2990 codicem
843 2921 991 2986 Laurent.
1009 2923 1066 2986 58⁵
1081 2921 1141 3000 (Ν)
1158 2928 1191 2988 et
1206 2921 1277 2988 cod.
1294 2921 1366 2987 Vat.
1385 2923 1479 3001 1383,

318 3045 390 3091 cum
413 3025 569 3091 vetustius
593 3023 686 3090 huius
708 3025 904 3090 recensionis
927 3025 1093 3108 exemplar
1116 3031 1278 3091 servatum
1300 3043 1366 3090 non
1382 3029 1476 3090 esset

318 3125 442 3204 Quibus
465 3125 676 3193 consideratis
703 3126 819 3190 mirum
841 3125 972 3208 quidem
1001 3132 1059 3210 est,
1089 3126 1175 3209 quod
1205 3126 1310 3193 codex
1333 3125 1479 3211 Scaphu·

318 3230 428 3297 sianus
451 3235 482 3292 Z
502 3229 598 3294 trium
620 3229 841 3294 recensionum
865 3227 1044 3292 orationum
1059 3229 1294 3295 Isocratearum
1314 3229 1480 3311 specimen

318 3334 457 3416 recepit;
480 3333 513 3397 in
535 3332 686 3398 Isocratis
708 3335 816 3396 autem
838 3328 947 3396 verbis
970 3330 1201 3397 constituendis
1224 3330 1361 3414 posthac
1383 3331 1480 3396 ratio·

319 3455 392 3501 nem
415 3435 485 3501 eius
507 3453 571 3500 non
593 3433 791 3500 habebimus.

561 3601 699 3669 (lodex
720 3603 1022 3669 Laurentianus
1045 3605 1174 3668 87¹⁴=
1193 3605 1233 3667 Θ.

406 3737 560 3804 codicem
590 3759 610 3804 a
637 3738 789 3805 Bekkero
816 3741 850 3805 in
872 3739 1068 3812 Archidamo
1096 3741 1166 3808 solo
1199 3740 1353 3808 collatum
1381 3741 1483 3808 Buer·

322 3860 457 3906 mannus
480 3841 584 3906 obiter
606 3847 728 3906 tantum
756 3842 871 3925 attigit,
901 3862 1000 3926 quare
1030 3843 1091 3910 boc
1118 3844 1191 3909 loco
1220 3843 1485 3927 supplementum

323 3942 401 4006 dare
423 3943 529 4008 liceat.
567 3941 661 4020 Quod
683 3944 820 4027 primum
842 3944 885 4009 ad
906 3945 1055 4010 foliorum
1069 3965 1218 4012 numeros
1233 3946 1359 4028 attinet,
1383 3946 1484 4012 Buer·

323 4063 474 4110 mannum
496 4045 610 4110 folium
633 4065 779 4129 vacuum,
803 4046 888 4130 quod
911 4048 995 4112 inter
1015 4048 1168 4114 Ioannem
1187 4048 1428 4140 Damascenum
1452 4055 1486 4115 et

324 4147 499 4213 Isocratem
522 4147 700 4232 intercedit,
729 4149 912 4231 neglexisse
934 4154 1022 4234 puto,
1045 4149 1132 4233 quod
1153 4156 1262 4216 tamen
1283 4157 1485 4217 momentum
