3282 4968
308 353 348 411 10
732 353 913 422 Engelbertus
930 355 1039 425 Drerup

308 547 372 594 non
394 531 565 607 venerunt,
594 544 676 608 quse
700 527 948 594 correctionibus
972 528 1004 593 iu
1028 529 1184 598 Urbinate
1206 531 1341 616 repertis
1364 550 1465 617 expe-

307 629 486 695 diebantur.
531 627 645 711 Neque
675 629 707 693 ln
731 647 770 694 ea
792 629 980 696 diversitate
1011 631 1116 715 haesi,
1147 652 1230 717 quae
1259 633 1462 701 librariorum

308 729 437 796 libidini
459 729 567 796 danda
588 732 703 797 attinet
723 729 766 796 ad
789 754 816 808 ν,
846 731 931 813 quod
955 731 1071 798 dicitur
1094 732 1352 818 έφελνυστικάν,
1382 734 1426 802 ad
1449 761 1462 800 ι

307 833 520 917 subscriptum
541 833 594 899 vel
616 832 823 916 adscriptum,
846 832 889 898 ad
905 834 1082 920 elisionem,
1104 843 1281 919 accentum,
1304 838 1461 921 spiritum.

392 937 442 1002 Ex
458 936 595 1002 diversis
610 941 718 1001 autem
739 935 929 1010 lectionibus
944 937 1082 1020 primum
1099 957 1157 1005 eae
1172 939 1362 1006 obiciendae
1378 948 1460 1020 sunt,

308 1059 391 1124 queo
414 1040 447 1104 iu
470 1039 647 1105 orationum
671 1037 816 1122 partibus
831 1038 872 1102 ¹iu
894 1039 1033 1106 antidosi
1061 1042 1206 1123 repetitis
1229 1044 1328 1108 semol
1353 1044 1405 1108 vel
1428 1043 1461 1108 in

307 1143 378 1226 ipso
407 1141 586 1208 orationum
615 1145 765 1207 contextu
793 1140 846 1206 vel
876 1141 908 1204 in
937 1142 1080 1208 oratione
1114 1142 1177 1219 „do
1206 1145 1460 1226 permutatioue“

306 1245 520 1312 inveniuntur.
566 1244 633 1310 uae
657 1243 741 1308 euim
768 1243 946 1308 orationum
976 1243 1023 1326 ΙΙ,
1046 1245 1100 1327 lV,
1124 1245 1200 1311 VlIl
1223 1253 1349 1330 partos,
1376 1267 1461 1330 quae

307 1348 340 1412 in
363 1345 502 1414 antidosi
525 1344 646 1412 codicis
670 1348 700 1406 Γ
718 1345 829 1427 primis
859 1351 981 1410 tantum
1004 1352 1100 1428 alque
1123 1346 1243 1413 ultimis
1267 1349 1373 1415 verbis
1397 1350 1460 1432 sig·

306 1449 484 1532 uilissimos,
507 1449 541 1514 in
557 1447 669 1515 codice
685 1447 839 1514 Vaticano
862 1448 958 1530 plene
982 1450 1163 1532 exscriptae
1179 1469 1221 1516 ex
1236 1451 1315 1535 ipsis
1339 1449 1460 1518 eodioIs

307 1553 472 1620 Urbinatis
494 1549 602 1617 verbis
625 1547 781 1633 pendent,
813 1549 899 1632 quod
922 1548 1004 1616 infra
1027 1550 1159 1618 docebo.
1205 1551 1277 1631 Qua
1299 1552 1339 1618 de
1363 1573 1461 1620 cansa

307 1655 347 1722 iis
369 1655 459 1737 locis,
482 1653 597 1737 quibus
620 1653 674 1717 vel
690 1656 721 1714 Δ
734 1651 787 1718 vel
809 1653 858 1716 Aa
881 1653 912 1727 (i.
930 1673 957 1718 a.
973 1643 1192 1726 Δνῖντιδόσεωε)
1216 1675 1288 1722 oum
1304 1655 1461 1724 Urbiuate

306 1757 436 1840 faciunt,
460 1757 617 1838 scriptura
640 1753 760 1820 codicis
783 1755 832 1818 Aa
855 1758 963 1821 autA
984 1756 1026 1822 ab
1049 1757 1205 1823 Urbinate
1228 1757 1358 1824 diversa
1380 1777 1400 1823 a
1422 1758 1460 1822 li·

306 1859 413 1925 brario
429 1863 578 1942 corrupta
594 1863 643 1923 est
657 1875 762 1939 nequo
784 1856 958 1941 quidquam
974 1858 1048 1924 ideo
1060 1859 1215 1942 ¹ponderis
1232 1858 1338 1925 habet.
1369 1857 1460 1937 Quae

306 1962 478 2028 varietates
501 1959 552 2026 his
574 1959 653 2026 locis
675 1959 839 2042 leguntur:

392 2064 424 2128 II
449 2067 496 2129 17.
520 2065 633 2145 γίγνου
657 2065 687 2124 T
684 2060 734 2124 Aa
742 2083 749 2125 :
773 2065 865 2142 γίνου
887 2064 920 2126 Δ
938 2091 980 2114 --
1000 2068 1047 2126 Λ.
1093 2067 1143 2129 23.
1167 2067 1349 2130 ποιεῖσθαι
1367 2065 1460 2130 ΓΔαι

308 2169 521 2232 ποιείεῖσθαι
544 2167 583 2229 Δ.
628 2167 678 2230 24.
704 2162 856 2240 διανοίας
887 2164 942 2228 καὶ
971 2164 1119 2246 νομίζειν
1146 2161 1232 2245 ὑπὲρ
1262 2171 1322 2248 της
1353 2162 1461 2229 αὐτῶν

308 2271 476 2354 σωτηρίας
505 2287 566 2334 om.
589 2265 638 2330 Δα
662 2285 726 2350 pr.;
755 2265 786 2330 in
810 2286 871 2334 ras.
895 2271 1000 2332 9-10
1026 2269 1085 2334 litt.
1109 2267 1184 2334 add.
1208 2269 1236 2332 2.
1283 2269 1333 2334 32.
1358 2263 1375 2330 ὁ
1400 2269 1461 2347 μὲν

306 2370 368 2456 γάρ
392 2366 529 2454 θνητὸς,
553 2362 572 2454 ἡ
598 2364 632 2430 d'
658 2365 832 2443 ἀθάνατος
855 2389 916 2436 om.
940 2369 989 2434 Aa
1006 2392 1070 2455 pr.;
1093 2371 1126 2434 in
1149 2391 1212 2453 mg.
1235 2369 1310 2436 add.
1334 2374 1364 2436 2.
1410 2374 1461 2436 36.

305 2471 458 2557 βασιλεῖς
480 2475 511 2534 Γ
508 2475 540 2536 A
552 2499 594 2522 =
613 2471 678 2536 6⁰⁶:
700 2471 863 2551 βασιλέας
885 2473 935 2536 Aa
952 2501 995 2524 =
1009 2477 1092 2536 ΛΠ.
1140 2474 1189 2538 36.
1213 2477 1364 2558 μέμνησο
1388 2476 1461 2538 TA:

305 2581 475 2662 μέμνηστο
499 2573 558 2639 Λα.
605 2577 654 2639 37.
678 2571 821 2654 πράξεις
842 2579 873 2637 T
870 2574 934 2641 Aa:
958 2571 1089 2658 πράξης
1112 2580 1151 2640 A.

391 2678 435 2743 IV
459 2680 509 2742 55.
533 2669 600 2739 ὖπό
623 2680 665 2759 τῇ
688 2674 833 2760 καὸμείηι
855 2680 886 2738 Γ
883 2677 949 2742 Aa:
972 2683 1012 2763 τῇ
1035 2679 1144 2744 om.·A
1157 2697 1215 2760 pn,
1239 2696 1263 2743 ε.
1285 2697 1315 2743 v.
1339 2675 1413 2743 add.
1431 2680 1461 2742 2.

308 2785 358 2847 60.
382 2783 524 2862 κατέστη
549 2781 621 2842 TA:
645 2781 852 2862 κατέστημεν
874 2779 934 2844 A.
980 2782 1030 2845 61.
1061 2775 1230 2865 μεσσήνην
1254 2781 1326 2844 TA:
1355 2777 1462 2864 μεσή·

306 2906 365 2968 νην
380 2880 429 2946 Al
445 2908 487 2932 =
504 2879 640 2944 ΘΛΘα.
687 2882 737 2944 65.
762 2881 840 2962 περὶ
863 2879 924 2960 μὲν
947 2885 1008 2964 τῆς
1023 2879 1059 2946 ἓν
1081 2891 1154 2956 τοῖς
1176 2883 1247 2947 TA:
1270 2885 1330 2966 τῆς
1346 2879 1381 2946 ἒν
1397 2901 1459 2948 om.

306 2985 365 3050 Aa.
404 2987 454 3048 65.
473 2977 518 3045 dv
534 3003 586 3056 τις
608 2985 639 3043 Γ
637 2981 701 3046 Aa:
725 2985 834 3047 om.A
845 3002 904 3066 plu,
927 3002 952 3048 s.
971 3002 1001 3048 v.
1024 2981 1099 3048 add.
1124 2986 1152 3050 2.
1192 2985 1242 3049 68.
1267 2983 1459 3063 νομίζοντες

304 3093 336 3151 T
332 3086 399 3152 Aa:
423 3105 484 3152 om.
507 3087 538 3148 A
558 3104 623 3168 pr.;
648 3081 826 3158 δοκοῦντες
848 3085 881 3149 in
905 3105 967 3168 mg.
991 3085 1066 3152 add.
1088 3090 1116 3152 3.
1162 3089 1212 3152 70.
1235 3089 1456 3169 προσοικοῦν-

303 3212 359 3265 τες
381 3193 412 3252 T
409 3188 473 3254 Aa:
497 3189 749 3270 προσηκοῦντες
771 3188 810 3250 A.
856 3191 905 3253 74.
929 3193 1203 3274 κατακεχρῆσθαι
1225 3193 1255 3252 Γ
1252 3188 1317 3253 Aa:
1340 3189 1457 3270 κεχρῆ-

307 3295 394 3358 σθαι
416 3293 455 3356 Δ.
501 3291 550 3354 76.
574 3283 746 3353 ἀπέλαυον
768 3288 829 3368 μὲν
852 3293 924 3356 TA:
948 3285 1120 3370 ἀπέλαβον
1142 3289 1202 3373 μὲν
1219 3290 1281 3355 Aa.
1325 3293 1374 3356 77.
1396 3285 1458 3364 τὰς

307 3387 457 3477 ἀλλήλων
480 3395 511 3455 Γ
508 3389 574 3456 Aa:
603 3387 664 3466 τὰς
694 3385 802 3452 άλλων
824 3393 863 3456 Δ.
909 3394 959 3458 78.
989 3387 1064 3457 ἀλλ’
1090 3387 1153 3458 ἀπ’
1178 3389 1300 3476 ὀλίγων
1331 3395 1460 3476 συνθη-
1487 3385 1489 3390 ’

305 3490 418 3574 μάτων
441 3513 503 3559 om.
526 3494 558 3556 A
578 3512 643 3577 pr.;
666 3493 699 3557 in
722 3513 785 3576 mg.
808 3492 883 3559 add.
908 3497 937 3560 2.
975 3497 1025 3562 83.
1048 3489 1135 3578 ὑπὲρ
1158 3500 1229 3562 TA:
1254 3493 1375 3578 οἵπερ
1398 3493 1459 3559 Aa.

305 3597 356 3661 84.
373 3591 508 3659 ἐκείνων
524 3595 617 3660 ΓΔαι
641 3591 766 3659 ἐκείνοι
782 3599 813 3658 Δ
825 3625 868 3646 ==
886 3599 1079 3664 ΘΛΘαΛα.
1117 3601 1167 3664 86.
1191 3594 1351 3682 ’ἔφθησαν
1367 3601 1398 3660 Γ
1395 3597 1460 3662 Aa:

306 3694 465 3781 ἔφθασαν
488 3699 528 3760 A.
572 3699 623 3762 96.
648 3693 717 3762 οἷοί
738 3693 771 3759 τ’
788 3679 874 3782 ἦσαν
890 3702 962 3765 TA:
987 3695 1021 3763 σί
1041 3691 1074 3764 τ’
1101 3684 1184 3784 ἦσαν
1200 3703 1233 3764 Δ
1250 3720 1308 3785 pn,
1332 3720 1412 3768 corr.
1429 3703 1459 3766 2.

391 3797 467 3864 VIII
495 3801 545 3863 27.
574 3793 738 3882 ὑμετέρας
768 3803 841 3866 TA:
873 3797 1038 3885 ἡμετέρας
1065 3803 1125 3867 Aa.
1177 3805 1227 3868 29.
1257 3800 1460 3884 βιαζώμεθα

306 3903 378 3964 TA:
400 3897 594 3980 βιαζόμεθα
608 3901 668 3965 Aa.
715 3903 764 3966 35.
781 3906 1026 3987 προῃρημένων
1046 3904 1139 3971 :Ab
1163 3927 1230 3989 προ
1244 3939 1250 3952 ·
1264 3909 1415 3990 ρημένων
1431 3909 1463 3970 Δ

308 4005 380 4079 (rae.
397 4021 461 4068 non
476 4003 628 4086 expleta).
667 4005 717 4069 38.
740 4013 812 4079 τοῖς
827 4001 1020 4087 βαρβάρους
1036 4009 1067 4068 Γ
1077 4025 1124 4089 pr.
1141 4035 1183 4056 =
1197 4006 1258 4086 Aa,
1280 4001 1360 4083 τοιίς
1375 4010 1463 4090 βαρ-

307 4100 433 4187 βάρους
456 4107 487 4166 Γ
505 4124 585 4171 corr.
610 4109 644 4169 4:
667 4105 775 4183 sodli)
802 4101 994 4190 βαρβάρους
1016 4110 1049 4170 Δ
1067 4129 1130 4194 pm,
1161 4106 1239 4185 τοὺς
1265 4107 1460 4193 βαρβάρους
