3270 4968
305 391 345 451 28
725 391 906 461 Engclbcrtus
924 391 1032 464 Drerup

304 563 513 648 111169),
537 563 593 646 λς’
617 566 650 643 (f.
673 568 757 640 201).
795 564 866 644 Quo
882 565 1027 633 codicem
1042 566 1248 651 Isocrateum,
1271 566 1458 650 priusquam

303 687 377 733 cum
399 667 542 735 Aristide
564 687 628 734 uno
650 668 813 735 volumine
836 666 1086 751 comprehensus
1110 674 1168 751 est,
1197 687 1269 735 cum
1291 669 1357 734 alic
1379 688 1457 752 quo·

304 768 379 834 dam
417 769 529 836 codice
562 771 775 853 compositum
807 767 907 836 fuisse
941 768 1186 837 demonstratur.
1238 769 1304 837 Sed
1335 771 1457 855 primus

303 889 507 937 numerorum
529 869 609 938 ordo
632 870 685 938 bic
706 892 770 938 non
793 872 863 954 tuit,
887 890 959 938 cum
980 871 1040 938 sub
1056 872 1196 938 numeris
1211 872 1320 940 allatis
1334 874 1456 957 passim

303 971 532 1056 dignoscantur
569 973 759 1040 vetustiores
788 974 828 1040 iis
863 973 1059 1057 temporibus
1091 972 1307 1055 adscribendi,
1341 975 1457 1058 quibus

304 1073 450 1141 codicem
473 1075 668 1142 Isocrateum
691 1075 774 1142 alius
796 1075 879 1141 liber
900 1094 964 1141 non
985 1075 1218 1160 praecedebat;
1252 1076 1369 1142 etenim
1397 1077 1457 1144 sub

302 1195 435 1243 numero
451 1173 509 1258 td‘
523 1177 558 1256 (f.
576 1180 649 1256 169)
664 1177 857 1261 perspicitur
872 1173 941 1258 api'3
964 1178 1023 1243 sub
1039 1173 1095 1257 λς’
1111 1175 1144 1253 uf.
1160 1179 1250 1253 20111
1273 1175 1342 1260 κς’;
1364 1198 1456 1262 prae·

302 1285 392 1345 terea
413 1279 556 1363 priorum
578 1297 781 1346 numerorum
805 1279 978 1362 vestigium
1002 1277 1052 1346 bis
1071 1281 1151 1346 locis
1166 1281 1291 1346 inveni:
1315 1282 1374 1347 sub
1389 1280 1455 1346 aa':

303 1377 359 1456 ια’;
382 1382 442 1448 sub
471 1378 535 1460 κζε
569 1379 622 1464 ιζ’;
651 1381 711 1448 sub
734 1379 809 1446 xd‘:
844 1377 905 1464 ab}
928 1381 987 1448 sub
1009 1377 1077 1446 ta‘:
1112 1379 1175 1464 au‘,
1204 1382 1258 1465 qui
1281 1401 1301 1447 a
1323 1383 1457 1450 librario

301 1482 388 1549 foliis
410 1482 561 1549 videntur
583 1503 654 1550 esse
676 1481 805 1550 adiecti.

388 1621 563 1704 Postquam
585 1619 690 1687 codex
712 1627 907 1688 restauratus
929 1627 1027 1704 atque
1043 1621 1279 1703 conglutinatus
1296 1627 1354 1703 est,
1376 1620 1457 1687 folia

302 1724 335 1788 in
364 1723 529 1806 superiore
559 1723 678 1804 angulo
707 1721 822 1789 dextro
855 1723 996 1788 numeris
1029 1723 1157 1805 graecis
1192 1722 1340 1789 ordinata
1373 1730 1456 1790 sunt.

302 1824 369 1891 Sed
385 1830 459 1906 post
473 1824 647 1891 Isocratem
663 1824 846 1890 absolutum
863 1825 969 1891 scriba
983 1843 1047 1890 non
1062 1825 1124 1890 nisi
1141 1825 1285 1908 quintum
1304 1827 1457 1910 quodque

302 1926 415 1992 folium
437 1924 643 2008 significavit,
667 1945 731 2009 quo
754 1945 886 1993 munere
909 1931 999 1992 tanta
1021 1945 1093 1992 cum
1111 1927 1321 2011 indiligentia
1329 1929 1456 1996 functus

304 2033 362 2104 eet,
385 2033 420 2092 ut
441 2028 553 2093 folium
568 2032 616 2093 ter
631 2028 789 2110 transiret,
815 2047 879 2111 qua
895 2026 936 2094 dc
951 2048 1050 2095 cansa
1063 2049 1229 2095 numerum
1247 2029 1326 2110 ops'
1340 2060 1380 2082 =
1392 2034 1455 2096 245

302 2130 436 2196 infolio
460 2131 521 2194 248
545 2128 674 2196 demum
697 2131 832 2198 notavit.
878 2129 949 2208 Quo
966 2132 1046 2197 vitio
1069 2131 1223 2198 abstinuit
1238 2132 1277 2215 is,
1300 2135 1356 2216 qni
1378 2135 1458 2200 folia

302 2250 405 2316 nuper
426 2231 558 2315 plumbo
581 2231 695 2298 eodem
717 2232 789 2298 ioco
805 2252 868 2316 quo
885 2233 972 2316 prior
987 2232 1128 2299 numeris
1144 2232 1282 2300 arabicis
1299 2236 1457 2302 instruxit.

388 2369 438 2435 De
460 2370 511 2453 iis,
539 2370 595 2454 qui
617 2368 761 2436 codicem
783 2369 956 2436 emendare
979 2369 1177 2452 studuerunt,
1207 2376 1321 2454 postea
1348 2392 1455 2455 agam,

301 2491 374 2538 cum
386 2471 420 2537 id
435 2473 573 2555 primum
590 2471 809 2556 quaerendum
824 2471 983 2554 videatur,
1007 2471 1091 2538 unde
1108 2472 1213 2538 codex
1224 2473 1456 2541 Ambrosianus

301 2574 451 2657 pendeat.
497 2573 591 2653 Quod
615 2594 654 2642 co
676 2575 857 2642 accuratius
879 2574 1079 2641 tractandum
1103 2574 1182 2640 mibi
1204 2577 1369 2659 proposui,
1391 2596 1456 2659 quo

300 2678 491 2760 ampliorem
528 2677 635 2744 locum
672 2677 776 2744 codex
813 2677 1045 2744 Ambrosianus
1081 2676 1189 2744 adbuc
1231 2677 1264 2742 in
1301 2677 1454 2746 Isocratis

300 2779 455 2846 memoria
477 2778 700 2845 constituenda
721 2779 852 2846 obtinet.

386 2914 425 2981 Id
454 2916 538 2982 enim
567 2921 712 2983 constare
742 2916 928 2999 videbatur,
962 2915 1108 2982 codicem
1131 2915 1378 2982 Ambrosianum
1411 2917 1456 2984 ad

301 3018 440 3085 eundem
474 3023 571 3100 atque
604 3017 794 3084 Urbinatem
827 3015 1038 3100 archetypum
1070 3015 1186 3100 redire,
1222 3024 1256 3083 ut
1289 3017 1454 3085 Urbinatis

239 3163 243 3168 -
300 3121 455 3188 lectiones
479 3119 685 3186 Ambrosiani
708 3138 864 3187 consensu
887 3118 1006 3184 firmari
1034 3126 1175 3203 possent.
1221 3119 1271 3185 De
1300 3138 1363 3203 quo
1393 3121 1456 3187 viri

301 3222 387 3291 docti
424 3223 478 3289 vel
514 3242 585 3289 eam
624 3223 665 3288 cb
704 3241 833 3289 causam
872 3220 1046 3288 honorifice
1084 3221 1328 3305 existimabant,
1366 3222 1454 3306 quod

300 3325 726 3408 Mustoxydesann01812
756 3325 934 3390 orationem
962 3324 1025 3399 ,de
1048 3324 1303 3407 permutatione“
1338 3343 1379 3391 ex
1414 3345 1455 3392 eo

301 3429 423 3511 primus
463 3433 563 3493 totam
604 3426 760 3492 ediderat.
806 3426 897 3493 idem
931 3425 1134 3510 comprobari
1163 3425 1333 3492 videbatur
1360 3446 1455 3510 argu-

301 3530 427 3613 mentis,
451 3529 492 3594 de
508 3528 625 3611 quibus
640 3527 684 3595 ad
700 3527 844 3595 codicem
860 3529 1049 3594 Vaticanum
1066 3529 1129 3611 egi,
1146 3530 1325 3594 orationum
1341 3529 1455 3596 ordine

300 3637 422 3697 mutato
445 3636 541 3714 atque
565 3630 709 3697 oratione
732 3629 796 3707 „de
818 3631 924 3714 bigis“
954 3631 1082 3697 omissa.
1127 3628 1193 3696 Sed
1223 3631 1326 3697 maius
1356 3631 1455 3698 etiam

301 3739 496 3800 momentum
520 3733 664 3798 fecerunt
686 3732 860 3800 varietates
882 3733 950 3800 fere
973 3734 1169 3814 innumerae,
1193 3751 1273 3815 quas
1297 3751 1369 3797 cum
1385 3734 1455 3799 vul·

301 3841 378 3918 gata
400 3835 530 3920 saepius
553 3835 781 3902 convenientes
798 3836 894 3902 etiam
911 3836 1031 3902 strenui
1048 3836 1199 3917 vulgatae
1216 3839 1454 3918 contemptores

301 3944 523 4021 respexerunt,
547 3937 667 4021 quippe
684 3938 739 4021 qui
758 3925 922 4006 Urbinatis
940 3943 1062 4004 textum
1079 3955 1097 4002 e
1113 3935 1226 4003 codice
1240 3934 1455 4004 Ambrosiano

302 4040 418 4122 corrigi
442 4057 538 4123 posse
569 4038 808 4106 arbitrarentur.
853 4038 925 4119 Qua
946 4040 1077 4106 ratione
1107 4043 1282 4106 commotus
1306 4037 1454 4106 Baiterus

301 4139 382 4208 baec
411 4140 512 4207 verba
540 4143 681 4226 scripsit:
718 4141 922 4218 ,Necessitas
953 4160 1025 4207 eum
1059 4147 1160 4207 totum
1194 4139 1379 4206 excutiendi
1412 4158 1455 4207 ne
