3170 4984
146 381 218 449 Quae
235 380 305 438 ratio
323 381 474 438 intercedat
491 383 561 440 inter
572 383 726 439 Vitruvium
744 389 771 439 et
783 384 952 452 Athenaeum
970 383 1168 442 mechanicum.
1204 382 1269 442 307

192 1266 252 1335 His
275 1268 432 1351 expositis
458 1269 522 1334 iam
553 1268 772 1354 expetendum
806 1267 952 1356 videtur,
986 1276 1021 1337 ut
1054 1272 1156 1356 ipsius
1184 1271 1268 1356 Age·

108 1369 228 1436 sistrati
258 1389 338 1452 opus
368 1389 410 1435 ex
439 1369 599 1438 Athenaei
630 1376 662 1438 et
693 1369 832 1436 Vitruvii
861 1372 1144 1456 compilationibus
1178 1373 1268 1441 resti-

108 1478 209 1538 tutum
244 1471 346 1538 oculis
383 1471 569 1539 subiciatur.
625 1470 691 1538 Sed
729 1474 878 1556 quamvis
911 1475 945 1539 iu
980 1476 1166 1542 universum
1199 1481 1269 1542 arte

108 1579 242 1656 uterque
265 1592 376 1640 eorum
398 1574 489 1638 illum
510 1578 638 1640 secutus
661 1573 717 1652 eit,
748 1574 909 1642 interdum
933 1581 1041 1644 tamen
1063 1577 1197 1644 liberius
1219 1577 1269 1644 usi

108 1681 180 1744 suut
210 1676 316 1760 doute,
347 1681 381 1741 ut
411 1676 479 1742 eius
508 1675 610 1742 verba
635 1675 775 1757 genuina
797 1677 988 1761 investigari
1010 1679 1076 1746 iam
1096 1685 1269 1762 nequeant.

109 1777 220 1844 Nihilo
233 1783 341 1844 tamen
353 1777 607 1844 minusiorsitau
622 1775 755 1858 iuvabit,
769 1783 803 1843 ut
817 1777 946 1845 facilius
957 1778 1150 1862 Agesistrati
1161 1782 1269 1866 operis

106 1879 299 1964 compositio
314 1899 355 1945 ao
369 1879 494 1963 species
510 1879 732 1963 perspiciatur,
757 1898 840 1962 quae
863 1881 894 1946 ei
917 1881 1089 1949 tribuenda
1111 1882 1269 1950 iudicavi·

108 2002 187 2067 mus,
211 2001 252 2049 ea
274 2001 317 2048 ex
338 1979 498 2047 Athenaei
523 1985 554 2046 et
576 1979 716 2046 Vitruvii
738 1980 829 2048 libris
852 1983 995 2050 eximere
1018 1989 1051 2050 et
1073 1985 1268 2052 consociare.

109 2082 437 2166 Quoditaiustitnam,
445 2087 489 2166 ut,
501 2101 584 2165 quae
593 2083 758 2166 utriusque
766 2083 985 2168 compilatoris
993 2086 1055 2152 sibi
1063 2085 1269 2170 respondent,

107 2187 189 2253 iuter
197 2205 234 2254 ee
242 2205 413 2270 opponam,
424 2185 548 2250 lacunis
557 2183 746 2252 intermissis
754 2185 837 2251 inter
847 2187 980 2254 alterius
993 2188 1103 2270 verba,
1111 2181 1268 2271 quotiens,

109 2307 190 2370 quae
205 2289 290 2355 alter
306 2286 448 2371 exhibet,
472 2285 598 2354 desunt.
643 2285 734 2352 Haec
756 2292 866 2352 autem
889 2287 939 2354 his
961 2290 1051 2357 uncis
1074 2287 1124 2372 <>
1146 2289 1270 2356 inclusa

107 2389 290 2472 insigniam,
313 2388 426 2455 addito
442 2395 612 2472 praeterea
627 2389 888 2472 interrogationis
904 2390 1008 2473 signo,
1031 2391 1180 2459 siminus
1203 2411 1269 2458 cer·

72 2485 74 2490 ’
107 2496 173 2558 tum
196 2493 304 2559 visum
327 2491 404 2575 erit,
432 2497 537 2556 utrum
568 2509 607 2556 ea
633 2491 697 2556 sint
721 2489 916 2572 Agesistrati
946 2511 987 2557 an
1018 2493 1119 2576 ipsius
1150 2493 1269 2576 compi·

107 2593 217 2661 latoria
241 2593 312 2660 sive
335 2593 585 2676 interpolatoris.
617 2591 709 2672 Quae
732 2597 821 2659 certa
843 2591 988 2660 iudicavi
1010 2593 1053 2659 ad
1076 2593 1271 2677 Agesistrati

108 2697 208 2762 verba
223 2694 456 2777 additamenta,
480 2713 519 2760 ea
535 2693 585 2760 his
601 2695 692 2762 uncie
708 2689 740 2779 []
758 2694 884 2761 inclusi.
919 2694 1138 2763 Crassioribus
1153 2696 1269 2762 litteris

106 2798 253 2880 expressi
284 2817 336 2883 ea,
368 2798 483 2881 quibus
511 2797 594 2864 alter
623 2799 664 2864 ab
682 2797 796 2864 altero
818 2797 902 2864 adeo
925 2798 1076 2880 recessit,
1106 2804 1141 2864 ut
1156 2798 1269 2880 Agesi-

106 2905 241 2966 stratum
263 2905 336 2966 uter
357 2905 485 2967 secutus
509 2900 551 2966 eit
573 2898 748 2966 decernere
763 2899 828 2964 iam
851 2919 915 2965 uon
937 2899 1044 2966 liceat.
1090 2899 1271 2966 Nonnullae

107 3001 309 3086 corruptelas
333 3001 394 3068 hoc
416 3001 547 3085 siguo†
570 3001 698 3084 notavi,
722 3000 883 3067 interdum
907 3002 1106 3068 correctione
1130 3002 1163 3066 in
1179 3001 1271 3068 uncis

106 3102 254 3170 rotundis
283 3104 441 3188 apposita.
477 3103 600 3172 'Certae
632 3108 741 3170 autem
777 3101 1017 3170 emendationes
1051 3123 1115 3170 non
1150 3103 1271 3186 veritus

108 3223 178 3271 sum
201 3207 236 3272 in
260 3211 444 3273 contextum
468 3205 640 3273 verborum
662 3206 817 3289 recipere.

162 4229 278 4287 Leipziger
291 4230 391 4276 Studien.
406 4230 483 4275 XVII.
