3170 4984
298 386 368 451 252,
776 387 840 444 Otto
857 388 986 444 Bockscb

296 559 692 628 dubitoanmeliore
714 560 802 628 iure
818 561 999 647 Licinio,
1023 581 1140 649 quarn
1155 561 1314 632 Antiati
1338 568 1472 634 ascri·

295 661 462 745 bantur,
486 681 727 746 quamquam
749 681 797 730 no
813 661 1034 746 idquidem
1051 664 1470 753 dubitatiouecaret,

295 784 388 831 uum
425 765 588 832 omnino
619 765 823 832 alterutri
853 765 1092 834 debeantur.
1143 766 1241 851 Legis
1272 769 1358 835 enim
1386 771 1468 838 Dio·
1573 815 1574 822 .

295 887 367 952 nys.
381 868 409 933 V
425 870 476 950 52,
494 870 513 930 2
530 871 563 932 et
579 871 599 932 4
614 867 650 932 in
666 867 817 934 omnibus
832 867 1022 934 Latinorum
1038 868 1225 934 civitatibus
1240 872 1466 955 populares
1573 905 1574 948 r

294 969 417 1036 bellum
441 989 513 1036 cum
536 969 691 1036 Romanis
713 968 892 1053 gerendum
914 970 1117 1036 recusavisse
1140 975 1174 1037 et
1198 967 1334 1040 foedera
1355 976 1465 1058 potius

295 1071 457 1139 servanda
479 1071 661 1153 consuisse,
691 1090 764 1137 curn
793 1071 1017 1156 optimates
1041 1072 1137 1157 eique
1158 1074 1377 1160 potissimum,
1407 1078 1465 1161 qui
1573 1069 1574 1150 Q

296 1173 513 1260 principatum
525 1173 737 1257 adfectarent,
756 1173 878 1240 bellurn
890 1174 1034 1241 excitare
1045 1193 1251 1259 summopere
1262 1177 1464 1246 molirentur.
1573 1197 1574 1200 ’

296 1274 440 1355 Quorum
463 1276 639 1360 simillima,
663 1294 747 1359 quae
770 1275 869 1342 etiam
885 1275 1004 1343 clarius
1021 1277 1211 1361 popularem
1234 1280 1329 1362 quasi
1351 1281 1462 1347 stilum
1573 1259 1574 1350 Ῐ

295 1378 446 1462 produnt,
458 1377 596 1444 redeunt
606 1377 694 1462 apud
707 1377 804 1444 Dion.
813 1377 858 1443 VI
866 1379 897 1463 2,
908 1381 934 1442 t.
958 1377 1173 1444 Taliaautem
1185 1385 1220 1446 ut
1231 1380 1464 1448 aValeriodn·
1573 1387 1574 1392 ’

296 1480 375 1546 tiate
390 1480 579 1547 abiudicaro
594 1481 715 1563 malim,
731 1479 804 1547 loco
820 1478 961 1564 quodam
976 1479 1163 1548 PlutPubl.
1173 1484 1211 1546 21
1227 1485 1312 1567 (211,
1332 1487 1463 1568 ttsqq.)
1573 1483 1574 1538 ἶ

295 1582 450 1665 adducor,
474 1583 531 1650 ubi
553 1583 692 1665 legimus
707 1581 831 1648 Attium
854 1581 1007 1650 Clausum
1030 1581 1187 1649 Sabinum
1210 1602 1260 1667 eo,
1283 1584 1372 1668 quod
1393 1586 1464 1652 bel·
1573 1647 1574 1672 ,

294 1687 362 1754 lum
384 1686 566 1752 Romanum
596 1685 803 1763 confecisset,
833 1704 898 1751 non
923 1685 1028 1752 solum
1050 1683 1244 1752 sabinorum
1267 1687 1462 1773 principum,

295 1789 354 1856 sed
378 1789 475 1854 etiem
498 1787 606 1870 plebis
629 1805 788 1854 summam
810 1786 968 1854 invidiam
990 1786 1053 1852 sibi
1076 1785 1234 1854 conflasse
1252 1794 1285 1853 et
1300 1806 1340 1854 ea
1361 1789 1462 1872 potis·
1573 1847 1574 1860 .

294 1891 409 1957 simum
425 1909 524 1956 causa
545 1890 653 1973 patria
666 1889 781 1956 relicta
795 1889 931 1955 Romam
946 1888 1079 1971 fugisse,
1103 1888 1180 1971 quia
1197 1889 1326 1956 illorum
1349 1895 1463 1958 contra
1573 1883 1574 1968 i

294 2011 330 2059 se
348 1991 570 2058 accusationes
585 1990 711 2058 videret
724 1988 919 2076 βουλομένῳ
934 1993 983 2075 τῷ
997 1987 1128 2074 πλήθει
1143 2010 1225 2058 esse.
1264 1992 1315 2058 De
1337 2011 1403 2076 qua
1425 2011 1462 2059 re
1573 2047 1574 2084 ,

294 2113 367 2160 cum
390 2099 422 2160 et
444 2093 556 2160 Livius
570 2094 604 2160 II
628 2096 677 2177 16,
700 2097 721 2158 4
743 2099 776 2160 et
791 2093 968 2178 Dionysius
983 2093 1012 2158 V
1027 2095 1080 2176 40,
1096 2098 1175 2176 4sq.
1199 2099 1337 2178 taceant,
1360 2115 1382 2160 a
1396 2095 1463 2161 Va·

293 2195 374 2262 lerio
389 2195 520 2262 Antiate
536 2215 576 2262 ea
590 2197 723 2262 inventa
737 2194 867 2262 videtur
881 2213 963 2262 esse.
1000 2194 1072 2260 Hoc
1089 2201 1198 2261 autem
1220 2195 1248 2262 si
1271 2215 1384 2262 verum
1400 2202 1462 2281 est,
1573 2229 1574 2294 j

293 2300 436 2383 suspicio
465 2299 565 2365 oritur
593 2317 634 2364 ne
658 2297 731 2364 aliis
760 2297 893 2381 quidem
921 2297 1002 2363 locis
1024 2296 1189 2362 Antiatem
1218 2297 1380 2363 sociorum
1406 2299 1463 2366 vel
1573 2315 1574 2324 ¹

293 2400 434 2469 hostium
449 2400 660 2485 popularibus
674 2399 721 2466 ita
735 2399 866 2481 favisse,
890 2403 925 2464 ut
940 2398 1020 2464 talia
1033 2404 1188 2480 numeret,
1205 2398 1316 2482 qualia
1331 2404 1464 2466 exstant

292 2503 646 2585 ffimVtht

379 2605 505 2671 Varia
534 2603 665 2686 igitur
694 2601 771 2668 hac
800 2603 840 2668 in
867 2607 984 2686 parte
1007 2603 1211 2668 elementa
1233 2621 1252 2667 e
1275 2601 1462 2671 diversis

292 2706 606 2774 narrationibus
633 2705 767 2789 petita
797 2710 837 2770 et
864 2704 1073 2788 permixta
1095 2722 1185 2772 esse
1208 2705 1365 2788 opinor.
1411 2705 1462 2773 At
1573 2769 1574 2784 ,

291 2817 424 2876 utrum
447 2807 782 2893 ipseDionysius
805 2807 882 2872 illa
904 2806 1157 2890 contuderit,
1179 2807 1460 2875 anaRomano
1573 2821 1574 2900 ᾗ

291 2912 433 2996 aliquo
455 2914 628 2976 auctore
656 2908 736 2973 iam
758 2909 929 2975 contusa
956 2908 1188 2992 acceperit,
1217 2906 1281 2975 his
1309 2909 1458 2976 saltem
1573 2931 1574 2978 r

291 3015 331 3079 in
354 3012 565 3097 capitibus
587 3010 773 3078 discerni
794 3011 865 3076 vix
886 3012 1050 3095 poterit.
1095 3011 1211 3094 Neque
1234 3009 1297 3078 hoc
1319 3011 1352 3076 in
1376 3009 1459 3078 baec

291 3121 414 3182 tantum
437 3112 546 3197 capita
567 3111 671 3195 cadit,
701 3111 760 3178 sed
783 3113 816 3178 in
838 3111 1076 3180 uuiversum
1098 3111 1146 3177 de
1169 3111 1368 3196 Dionysii
1389 3133 1459 3180 an-

291 3215 565 3300 tiquitatibus
588 3213 807 3280 dicendum
831 3221 901 3282 est.
947 3213 1010 3292 Qui
1033 3215 1186 3298 quoniam
1208 3233 1369 3297 nusquam
1390 3215 1458 3281 fere

294 3323 449 3401 excerpta
470 3315 560 3383 nuda
582 3318 754 3401 conseruit,
776 3317 835 3384 sed
850 3319 1041 3402 plerumque
1056 3335 1263 3400 magnacum
1285 3315 1458 3400 diligentia
1573 3321 1574 3368 t

290 3421 470 3503 exornavit,
487 3419 553 3486 suis
569 3437 669 3502 saepe
684 3421 873 3487 commentis
889 3426 922 3487 et
940 3419 1108 3488 sententiis
1123 3419 1286 3500 permixta
1299 3417 1455 3503 reddidit,

290 3521 379 3589 haud
394 3541 467 3588 raro
483 3521 621 3588 molesta
635 3540 741 3604 paene
755 3519 951 3604 loquacitate
967 3521 1128 3606 exposuit,
1143 3519 1371 3586 difficillimum
1386 3521 1455 3604 ple-

289 3641 425 3706 rumque
448 3629 506 3706 est,
530 3621 610 3705 quid
633 3621 718 3706 huic,
741 3623 821 3706 quid
843 3624 894 3690 illi
916 3623 1044 3707 debeat,
1068 3620 1264 3705 diiudicare,
1287 3623 1455 3706 aliquanto

289 3725 434 3805 facilius,
463 3723 542 3807 quid
564 3725 635 3808 ipse
664 3724 837 3808 adiecerit,
867 3744 1072 3810 cognoscere.
1123 3723 1189 3792 Vix
1211 3725 1297 3790 enim
1326 3725 1456 3809 ipsein

290 3826 428 3894 historia
449 3845 508 3892 suo
532 3826 634 3892 Marte
657 3828 802 3911 novavit,
823 3833 859 3893 ut
880 3827 1053 3911 scriptores
1075 3827 1229 3909 Romani,
1253 3827 1375 3912 quippe
1398 3828 1456 3910 qui

291 3928 486 4014 compluries
515 3928 558 3994 ab
582 3947 692 3994 eorum
721 3930 878 3996 memoria
901 3929 1104 4014 discrepans,
1134 3928 1251 4013 quibus
1279 3927 1454 3996 decausis

288 4032 394 4098 abeis
416 4030 613 4112 recessisset,
636 4028 811 4097 addiderit.
848 4031 962 4115 Itaque
985 4051 1069 4114 quae
1091 4032 1189 4100 nullis
1203 4031 1301 4098 rebus
1322 4050 1455 4114 prorsus

289 4133 422 4200 mutatis
446 4151 488 4198 ex
507 4131 646 4198 diversis
669 4133 907 4200 narrationibus
930 4134 1033 4218 petita
1054 4134 1089 4200 in
1109 4153 1209 4201 uuum
1230 4132 1454 4200 tantummodo
