3170 4984
296 353 358 413 232
774 353 838 408 Otto
857 351 985 409 Boeksch

296 941 390 1019 ptore
413 953 487 1001 eum
509 935 684 1002 tradidisse
707 933 788 998 mihi
810 933 1017 1016 persuadeas.
1063 932 1159 1012 Quod
1189 953 1228 1000 eo
1257 934 1362 1001 minus
1386 953 1462 1000 eum

295 1037 413 1104 fecisse
442 1036 638 1103 censendum
668 1040 732 1118 est,
763 1036 791 1101 si
819 1055 935 1102 revera
964 1036 1140 1119 Dionysius
1171 1037 1311 1120 priorem
1333 1036 1363 1102 V
1385 1037 1464 1102 libri

295 1144 422 1224 partem
445 1157 488 1204 ex
509 1137 681 1204 annalibus
703 1139 773 1204 eius
797 1136 1019 1220 desumpserit.
1065 1137 1213 1222 Namque
1242 1137 1337 1204 huius
1358 1138 1464 1222 partis

296 1247 463 1308 auctorem
487 1242 675 1306 memoriam
698 1237 913 1322 antiquiorem
936 1239 990 1304 vel
1012 1241 1272 1324 antiquissimam
1295 1246 1329 1306 et
1343 1259 1463 1322 eogno-

296 529 436 613 tiquiore
464 529 622 594 memoria
650 527 691 593 de
720 527 895 610 handugis
927 526 1054 611 plebeis
1083 526 1220 593 relatum
1252 545 1316 592 non
1349 525 1462 592 fuisse.

295 630 411 713 Itaque
434 649 510 694 num
534 628 612 714 quid
635 628 705 695 veri
728 635 778 696 est
799 629 999 709 dissimilius,
1023 647 1120 711 qnam
1143 627 1302 693 Licinium
1324 629 1463 711 popula·
1564 647 1565 702 l

295 733 378 798 rium
407 751 513 797 rerum
542 731 812 798 studiosissimum
840 730 920 795 talia
940 729 1104 796 novasse?
1141 727 1227 808 Quin
1251 735 1318 794 tam
1341 735 1391 796 est
1411 731 1464 794 in·

296 833 464 916 credibile,
486 839 522 898 ut
544 834 685 899 taliane
707 837 842 915 accepta
865 831 996 914 quidem
1010 832 1052 897 ab
1076 833 1141 898 alio
1164 833 1361 915 nescioquo
1384 833 1463 898 scri·
1564 821 1565 864 ³

296 1345 383 1410 visse
413 1350 445 1410 et
473 1343 664 1426 saepissime
686 1343 869 1425 respexisse
892 1341 971 1407 satis
994 1342 1103 1408 multis
1126 1342 1286 1426 exemplis
1316 1349 1350 1408 et
1372 1342 1461 1407 Nitz-
1564 1341 1565 1430 ,

185 1526 186 1529 Ἴ
296 1445 406 1514 schius
429 1451 462 1511 et
484 1464 542 1510 nos
565 1443 784 1527 probavimus.
831 1443 916 1527 Ergo
945 1443 974 1510 si
1002 1448 1110 1510 tamen
1140 1445 1231 1510 illam
1255 1444 1465 1527 sententiam,
1564 1481 1565 1516 ,

297 1567 362 1632 qua
377 1547 521 1613 Licinius
538 1546 688 1631 Dionysii
703 1543 799 1611 huius
821 1546 923 1628 partis
938 1551 1051 1611 auctor
1066 1551 1196 1629 putatur
1217 1547 1327 1629 fuisse,
1351 1553 1465 1613 tenere
1564 1567 1565 1620 l

296 1650 473 1732 vellemus,
503 1667 587 1732 quae
622 1666 719 1730 supra
748 1647 995 1729 exscripsimus,
1023 1648 1126 1714 rerba
1154 1649 1212 1714 alii
1248 1647 1328 1715 fonti
1357 1647 1464 1714 subsi-
1564 1653 1565 1684 l

297 1752 402 1818 diario
430 1750 592 1818 ascribere
621 1748 828 1816 debebamus.
876 1750 924 1815 Ac
952 1750 1063 1817 neseio
1092 1770 1143 1815 an·
1157 1749 1325 1816 Virchium
1353 1769 1466 1816 assen-

296 1855 431 1920 tientem
461 1850 634 1936 haberem,
663 1852 690 1918 si
713 1851 844 1917 Valerio
870 1850 993 1917 Antiati
1023 1871 1064 1917 ea
1091 1852 1301 1935 assignarem.
1346 1852 1465 1936 Neque
1564 1841 1565 1936 ζ

297 1976 370 2022 cum
393 1954 456 2020 hac
478 1955 663 2020 coniectura
684 1959 852 2036 pugnaret,
877 1953 964 2038 quod
986 1953 1194 2040 Plutarchus,
1219 1955 1273 2038 qni
1295 1953 1465 2020 Antiatem
1564 1963 1565 1972 ’

297 2057 456 2134 adhibuit,
472 2074 542 2139 cap.
556 2059 595 2118 17
612 2053 848 2138 transfugarum
864 2056 1067 2139 plebeiorum
1083 2057 1278 2122 mentionem
1293 2077 1358 2122 non
1373 2057 1466 2139 facit,
1564 2117 1565 2144 ,

252 2165 254 2168 ’
298 2159 421 2242 quippe
444 2159 498 2243 qui
529 2159 598 2224 sine
630 2157 729 2223 dnbio
752 2156 892 2224 Antiatis
921 2159 1115 2224 narrationis
1146 2155 1230 2223 hano
1258 2158 1467 2242 potissimum
1564 2149 1565 2240 }

297 2267 424 2346 partem
446 2260 544 2328 valde
567 2261 772 2327 contraxerit.
817 2258 860 2324 At
881 2261 949 2326 alia
970 2280 1022 2327 res
1045 2266 1110 2341 est,
1141 2279 1205 2343 qua
1231 2258 1313 2326 haec
1335 2266 1467 2326 senten·

298 2365 344 2429 tia
367 2363 428 2430 etsi
449 2383 513 2428 non
536 2362 708 2446 refutetur,
741 2367 849 2427 tamen
872 2360 959 2427 haud
982 2364 1028 2428 ita
1051 2361 1302 2428 commendetur.
1346 2362 1468 2448 Neque
1564 2383 1565 2386 ’

298 2466 401 2549 enim,
425 2484 509 2550 quae
532 2469 607 2529 ante
630 2469 686 2530 aut
714 2469 788 2547 post
815 2464 922 2529 locum
945 2463 1114 2530 laudatum
1137 2463 1314 2545 Dionysius
1343 2473 1468 2549 narrat,
1564 2493 1565 2550 j

297 2586 370 2634 cum
386 2567 444 2649 eis,
466 2585 549 2650 quae
565 2565 756 2632 Plutarchus
771 2564 878 2649 refert,
902 2565 1098 2632 conveniunt
1119 2585 1226 2648 neque
1248 2567 1349 2631 ullnm
1365 2571 1467 2634 vesti·
1564 2585 1565 2656 f

296 2669 385 2753 gium
415 2667 513 2733 fontis
542 2669 657 2733 mutati
686 2669 719 2732 in
748 2668 907 2752 Dionysio
939 2668 993 2734 hic
1022 2667 1190 2751 reperitur.
1234 2667 1348 2751 Itaque
1380 2669 1468 2738 hanc
1564 2669 1565 2708 l

297 2788 394 2834 unam
417 2788 484 2834 rem
506 2770 652 2852 reliquae
674 2771 851 2836 narrationi
874 2791 917 2837 sc.
934 2771 1123 2836 Licinianae
1139 2769 1316 2852 Dionysius
1340 2791 1383 2837 ex
1399 2772 1468 2836 An·

297 2870 386 2936 tiatis
409 2871 579 2937 annalibus
603 2880 789 2955 excerptam
812 2872 988 2938 inseruisse
1010 2871 1173 2956 putandus
1196 2879 1291 2938 esset.

383 2971 450 3038 Sed
472 2993 570 3056 porro
593 2973 778 3038 videamus!
810 2973 937 3038 Etenim
960 2973 1044 3039 inter
1067 2973 1150 3040 hane
1172 2974 1313 3058 priorem
1337 2975 1366 3039 V
1388 2975 1467 3041 libri

296 3079 422 3158 partem
445 3080 478 3140 et
499 3075 600 3158 illam,
624 3094 720 3158 quam
737 3065 755 3140 e
770 3075 947 3142 Licinianis
969 3075 1141 3142 annalibus
1157 3077 1293 3159 petitam
1316 3096 1389 3144 esse
1404 3099 1467 3160 pro

233 3203 236 3208 “
297 3183 386 3244 certo
408 3177 486 3243 licet
508 3176 690 3261 adfirmare,
714 3183 780 3242 tam
803 3178 947 3260 insignes
969 3177 1204 3261 discrepantias
1221 3176 1319 3245 credo
1342 3197 1395 3244 me
1416 3179 1466 3244 in·

296 3280 436 3362 venisse,
460 3284 495 3345 ut
510 3279 615 3345 iustae
638 3284 829 3344 moveantur
844 3278 1073 3363 dubitationes,
1096 3299 1173 3346 num
1196 3277 1333 3346 ethaeo
1356 3286 1389 3346 et
1405 3281 1468 3348 illa

298 3401 340 3448 ex
361 3402 426 3448 uno
449 3379 538 3447 fonte
561 3381 687 3466 possint
709 3378 845 3446 haustae
869 3401 950 3447 esse.

382 3483 432 3550 Ac
446 3484 584 3567 primum
601 3481 732 3566 quidem
748 3482 781 3547 in
798 3483 912 3549 Dion.
929 3483 1021 3566 Ver,
1038 3487 1058 3547 4
1073 3483 1212 3566 legimus
1228 3504 1312 3550 anno
1324 3483 1466 3563 2561498

297 3585 461 3651 Romanos
485 3605 543 3670 per
565 3585 690 3667 legatos
705 3583 839 3651 Latinos
861 3585 1019 3668 apopulo
1034 3585 1166 3652 Aricino
1188 3591 1357 3652 accusatos
1381 3605 1466 3669 esse,

298 3687 404 3772 quod,
428 3706 501 3753 curn
525 3686 651 3752 Etrusci
673 3685 814 3751 Aricinis
837 3685 958 3751 bellum
981 3685 1151 3770 inferrent,
1181 3708 1244 3754 non
1273 3687 1377 3754 solum
1408 3708 1466 3754 eos

296 3809 356 3874 per
379 3809 492 3874 agrum
515 3788 696 3853 Romanum
720 3789 781 3858 iter
803 3787 911 3854 faeere
933 3789 1096 3871 sivissent,
1120 3787 1292 3856 sedetiam
1314 3790 1466 3856 omnihus

296 3890 393 3956 rebus
417 3909 472 3957 eos
494 3890 697 3957 adiuvissent
720 3896 752 3955 et
773 3896 888 3972 postea
914 3909 955 3955 ex
977 3892 1102 3976 proelio
1125 3892 1258 3974 fugaces
1281 3892 1409 3958 saucios
1433 3899 1466 3958 et

297 3993 438 4058 inermes
461 3994 670 4076 recepissent.
708 3992 751 4057 At
767 3989 849 4057 haec
865 4011 929 4057 una
943 3993 1002 4058 illa
1017 4013 1052 4059 re
1068 3999 1216 4078 excepta,
1232 3993 1320 4076 quod
1336 3995 1465 4061 Etrusci

296 4093 458 4178 fugientes
480 4115 501 4159 a
523 4094 677 4162 Romanis
701 4093 842 4176 hospitio
865 4097 996 4180 excepti
1020 4101 1137 4179 essent,
1161 4095 1389 4180 Dionysiusv
1413 4099 1465 4178 36,
