3270 4968
321 390 362 452 71
743 385 925 457 Engelbertun
942 386 1051 457 Drerup

317 563 361 630 ad
382 557 462 637 τούς
484 510 680 640 μείζον’λοαι.
706 561 746 626 Θ.
791 562 842 626 59.
865 556 1122 642 θαυμαζόμενοι
1145 564 1228 627 ΓΛι
1257 558 1479 643 θαυμάζομεν

264 703 266 706 -
318 666 359 729 Θ.
402 667 453 730 59.
476 657 567 726 ὅσιον
594 658 724 747 ἐδεήθη
748 665 830 728 TA:
853 657 936 727 ὅσον
957 659 1171 743 έδεδείχεσαν
1196 665 1235 730 Θ.
1281 667 1332 730 59.
1354 661 1479 747 βιάσα-

316 772 404 832 σθαι
420 769 502 832 TA:
524 760 716 847 βεβιάσθαι
739 766 780 829 Θ.
824 767 875 830 60.
897 768 946 848 τῷ
968 765 1030 845 μὲν
1053 759 1313 848 ὖπερενεγκόντι
1334 764 1396 850 τήν
1418 762 1478 832 ἄν·

316 869 499 950 θρωπίνήν
522 863 626 953 φύσιν
654 861 693 942 ὃς
719 887 783 934 om.
808 869 847 942 Θ,
871 887 937 951 quo
966 866 1073 935 hiatus
1102 867 1212 934 oritur.
1256 870 1308 933 60.
1332 873 1477 953 κατέστη

317 971 399 1034 ΓΛε
428 972 614 1052 κατέστησε
640 971 670 1034 Θ
692 989 751 1053 pr„
774 990 854 1037 οοεε.
877 989 941 1036 τεο.
987 973 1038 1036 60.
1060 965 1241 1053 γενόμενος
1271 973 1302 1034 Γ
1298 977 1338 1034 A
1343 993 1353 1037 :
1380 993 1478 1054 γενο-

316 1074 432 1149 μένοις
469 1072 509 1136 Θ.
555 1075 606 1138 61.
635 1095 695 1154 μοι
722 1068 829 1157 μόνης
853 1072 1019 1137 ΘαΛαε
1030 1069 1137 1157 μόνης
1170 1093 1230 1152 μοι
1258 1075 1340 1138 TA:
1373 1068 1477 1152 μόνον

316 1194 376 1250 μοι
393 1174 432 1238 Θ.
477 1175 529 1239 63.
545 1169 692 1256 πάτριόν
707 1171 800 1239 ἐστιν
819 1178 848 1238 Γ
845 1180 884 1240 A
890 1197 898 1240 :
922 1176 1014 1239 ἐστιν
1037 1194 1099 1240 om.
1118 1175 1158 1239 Θ.
1203 1176 1255 1240 64.
1275 1174 1380 1256 χωρὶς
1396 1177 1427 1238 Γ
1423 1181 1463 1239 Λ
1469 1199 1477 1240 :

314 1273 413 1356 χάρις
437 1277 468 1340 Θ
489 1296 548 1360 pr„
576 1295 658 1344 corr.
680 1295 745 1343 rec.
790 1280 841 1342 64.
864 1273 918 1340 ὅτι
942 1275 1008 1358 Θας
1036 1299 1073 1340 τε
1099 1275 1155 1341 Λα
1177 1296 1236 1360 pn,
1267 1271 1324 1340 ὅτε
1354 1296 1436 1344 corr.
1461 1282 1477 1340 1

317 1383 348 1443 Γ
344 1384 398 1444 A:
433 1376 466 1443 οἱ
498 1375 576 1444 τότε
607 1381 648 1443 Θ.
692 1382 743 1445 65.
774 1377 939 1462 δυνηθείη
971 1381 1002 1442 Γ
998 1383 1054 1444 A:
1089 1379 1224 1463 δυνηθῇ
1255 1381 1294 1444 Θ.
1340 1382 1392 1446 66.
1416 1376 1476 1445 ἐπ’

316 1481 468 1557 ἐκείνους
491 1484 572 1548 ΓΛι
605 1476 668 1546 ὑπ’
699 1481 852 1556 ἐκείνους
877 1483 916 1546 Θ.
962 1484 1013 1546 66.
1036 1480 1095 1546 ἐπὶ
1125 1479 1162 1546 δέ
1190 1481 1257 1544 τῶν
1281 1484 1362 1547 FA:
1396 1483 1478 1564 περὶ

317 1583 355 1648 δὲ
384 1588 452 1648 τῶν
482 1585 523 1648 Θ.
567 1587 618 1650 66.
643 1573 748 1662 ὅνπερ
778 1587 810 1647 Γ
807 1587 860 1649 A:
890 1577 928 1646 ὃν
959 1585 999 1648 Θ.
1042 1584 1095 1679 66.
1125 1578 1228 1667 ὀλίγῳ
1257 1587 1288 1647 Γ
1284 1588 1338 1649 A:
1366 1589 1477 1668 μικρῷ

318 1687 358 1751 Θ.
403 1688 455 1752 68.
471 1682 620 1770 ἐπῆρχον
635 1686 728 1750 Af
724 1690 763 1750 A
778 1685 934 1766 (ἐπέσχον
953 1684 1030 1761 Θαλι
1052 1677 1156 1768 ήρχον
1174 1686 1214 1751 Θ.
1253 1687 1304 1751 68.
1323 1683 1478 1766 νομίζον-

316 1809 373 1862 τες
396 1791 427 1851 Γ
423 1792 480 1856 A:
512 1791 712 1869 νομίσαντες
743 1789 783 1864 Θ,
811 1794 943 1872 proptor
970 1784 1210 1872 ποιησάμενοι.
1255 1789 1306 1853 68.
1335 1784 1478 1854 ἁπασῶν

317 1895 348 1956 Γ
344 1899 384 1957 A
417 1890 497 1968 (soil.
526 1886 692 1968 πόλεων)ι
726 1885 886 1952 ἁπάντων
918 1891 957 1954 Θ.
1002 1889 1054 1954 68.
1084 1886 1266 1973 κρατήσειν
1297 1893 1329 1954 Γ
1351 1912 1400 1977 pr.
1423 1898 1478 1958 A:

318 1990 559 2078 ἐπικρατήσειν
585 1995 648 2056 ΘΓ
671 2012 750 2059 corr.
774 1996 804 2068 4,
835 2011 899 2074 quo
921 1991 1049 2058 exsistit
1071 1989 1187 2058 hiatus.
1234 1993 1285 2058 69.
1309 1991 1409 2080 δῆλον
1440 1993 1477 2058 δὲ

317 2100 349 2160 Γ
345 2102 400 2161 A:
435 2093 538 2178 δῆλον
560 2092 624 2176 γὰρ
650 2096 689 2170 Θ,
719 2096 761 2161 01.
784 2089 823 2157 οὐ
846 2089 910 2176 γιλρ
933 2087 994 2160 ἂν..
1030 2096 1081 2157 70.
1103 2091 1165 2173 μὲν
1194 2088 1371 2172 ἆμαζόνιον
1395 2099 1427 2160 Γ
1422 2102 1478 2161 A:

316 2198 378 2278 μὲν
400 2186 459 2260 οὖν
482 2192 657 2276 ἀμαζόνων
683 2198 723 2272 Θ,
751 2193 792 2263 01.
814 2195 948 2278 λέγεται
972 2178 1082 2260 ὁόέν.
1127 2197 1178 2262 70.
1202 2193 1238 2260 ἐν
1265 2197 1313 2281 τῷ
1343 2217 1404 2264 om.
1437 2199 1476 2262 Θ.

319 2305 370 2367 71.
392 2292 535 2364 τοιαῦθ’
561 2301 593 2362 Γ
588 2304 642 2364 A:
663 2293 770 2362 ταῦθ’
797 2300 837 2382 Θ,
860 2296 900 2366 01.
923 2295 1117 2366 καὶταῦτα.
1163 2302 1214 2364 71.
1237 2299 1272 2363 οἳ
1293 2303 1325 2363 Γ
1320 2306 1373 2365 A:
1397 2295 1418 2362 ἃ
1437 2301 1477 2365 Θ.

319 2407 369 2470 74.
395 2399 544 2483 χαλεπὸν
572 2404 605 2466 Γ
601 2406 656 2466 A:
686 2399 926 2481 χαλεπώτατον
951 2401 991 2478 Θ,
1020 2401 1061 2468 01.
1089 2393 1243 2467 ὕστατον.
1289 2406 1340 2468 74.
1370 2392 1415 2465 ὥν
1445 2399 1478 2464 οἱ

317 2503 464 2585 μάλιστα
494 2507 577 2569 ΓΛε
611 2494 658 2566 ὦν
687 2493 824 2585 μάλιστ’
856 2501 890 2566 οἱ
922 2505 952 2566 Θ
984 2521 1044 2587 pr„
1077 2497 1119 2566 θ’
1155 2522 1198 2569 ex
1229 2498 1263 2566 τ’
1297 2523 1380 2572 corr.
1413 2523 1477 2570 τευ.

318 2611 368 2672 74.
392 2603 503 2670 εἰπεῖν
533 2625 596 2672 om.
621 2607 660 2671 Θ.
707 2609 757 2671 75.
781 2600 1095 2689 ἕπιγκγ>νομένους
1111 2608 1142 2668 Γ
1138 2611 1192 2672 A:
1216 2602 1476 2688 ἐπιγενομένους

319 2710 359 2786 Θ,
382 2709 421 2775 01.
437 2728 469 2792 p.
488 2710 558 2773 102.
604 2711 655 2773 76.
671 2707 737 2770 τῶν
753 2712 875 2772 κοινῶν
891 2711 923 2771 Γ
919 2714 959 2773 Λ
965 2731 973 2773 :
995 2713 1061 2770 τῶν
1077 2727 1139 2773 om.
1158 2709 1198 2773 Θ.
1236 2710 1287 2774 76.
1304 2703 1475 2773 ἀπέλαυον

318 2814 400 2876 ΓΛ;
423 2801 596 2891 ἀπέλαβον
614 2811 654 2874 Θ.
700 2813 750 2876 76.
775 2803 869 2886 ὅστις
885 2813 917 2874 Γ
913 2816 966 2877 A:
990 2803 1091 2885 ὅστις
1109 2811 1148 2875 Θ.
1194 2813 1244 2876 76.
1261 2809 1379 2890 μέλλοι
1395 2813 1427 2874 Γ
1422 2817 1475 2876 A:

316 2913 432 2992 μέλλει
456 2914 496 2990 Θ,
519 2911 560 2978 01.
582 2909 751 2993 τυγχάνοι.
795 2914 845 2980 76.
869 2913 1090 2993 καταλείψειν
1113 2913 1195 2978 ΓΛε
1217 2911 1419 2977 καταλιπεῖν
1437 2915 1476 2990 Θ,

316 3015 358 3082 01.
386 3009 635 3098 εὐδοκιμήσειν.
681 3015 731 3079 78.
755 3010 842 3078 οὕτω
874 3012 953 3092 τοὺς
976 3017 1057 3079 ΓΛε
1090 3011 1169 3090 τοὺς
1196 3033 1259 3080 om.
1284 3016 1331 3098 Θ,
1365 3015 1406 3081 01.
1429 3009 1476 3090 ὥς

315 3116 404 3192 τοὺς.
451 3118 502 3183 78.
539 3111 786 3201 ὁμονοήσουσιν
825 3119 856 3180 Γ
851 3122 892 3182 Λ
899 3140 908 3184 :
942 3108 1144 3197 ὁμονοοῦσιν
1182 3117 1228 3194 Θ,
1265 3117 1306 3184 01.
1349 3113 1476 3201 δεήσει.

317 3221 369 3286 81.
384 3227 460 3295 ταῖς
472 3217 686 3294 δυναστείαις
698 3221 779 3284 TA:
794 3214 989 3294 ταῑςαῦτῶν
1002 3216 1215 3293 δυναστείαις
1229 3219 1269 3284 Θ.
1299 3220 1350 3285 82.
1363 3217 1478 3295 έστι(ν)

313 3315 464 3403 χαλεπόν
477 3323 508 3385 Γ
504 3323 543 3386 A
549 3343 558 3385 :
579 3316 728 3410 χαλεπόν
744 3319 836 3386 έστιν
852 3321 891 3384 Θ.
926 3322 976 3386 82.
989 3317 1051 3396 τὰς
1062 3324 1126 3384 τῶν
1139 3314 1248 3385 ἄλλων
1260 3317 1382 3406 ἀρετὰς
1393 3325 1424 3386 Γ
1422 3329 1461 3388 Λ
1466 3346 1475 3388 :

315 3426 382 3488 τῶν
404 3419 513 3486 ἄλλων
531 3423 571 3487 Θ.
617 3423 668 3488 82.
692 3413 752 3487 οὐκ
775 3418 862 3486 εἰσὶν
886 3426 917 3487 Γ
913 3427 953 3488 Λ
959 3445 967 3488 :
990 3418 1143 3506 οἰκήσειν
1168 3423 1198 3488 Θ
1220 3443 1279 3507 pr„
1302 3417 1363 3488 οὐκ
1386 3421 1476 3490 εἰσίν

315 3545 341 3592 ε.
357 3544 389 3590 v.
404 3523 480 3590 add.
498 3528 526 3590 1.
571 3525 622 3590 88.
646 3517 785 3602 ἁπάσης
806 3529 865 3608 τῆς
880 3529 964 3590 TA:
986 3527 1048 3608 τῆς
1063 3543 1126 3591 om.
1145 3525 1176 3588 Θ
1190 3530 1322 3610 proptor
1345 3524 1476 3594 homoe-

316 3625 490 3692 oteleuton.
536 3628 587 3691 83.
611 3623 700 3705 ἕξειν
722 3645 785 3693 om.
811 3627 851 3691 Θ.
896 3628 947 3692 85.
971 3624 1007 3690 οἵ
1019 3616 1060 3688 θ’
1080 3629 1147 3692 ΓΛ
1154 3649 1162 3691 :
1184 3623 1227 3690 θ’
1245 3647 1307 3694 om.
1326 3629 1365 3704 Θ,
1389 3627 1476 3712 quod

316 3726 440 3792 hiatum
463 3725 571 3794 0111011.
616 3729 667 3793 86.
691 3724 727 3792 ἐν
750 3720 945 3810 ἀλλοτρίαις
962 3731 993 3792 Γ
989 3732 1029 3793 Λ
1036 3751 1044 3794 :
1067 3726 1103 3794 ἐν
1125 3739 1201 3806 ταῖς
1224 3721 1419 3814 ἀλλοτρίαις
1436 3732 1475 3795 Θ.

317 3829 368 3893 87.
392 3827 553 3911 σφόδρία)
582 3833 665 3894 ΓΛ;
694 3826 855 3914 σφόδρως
880 3831 918 3896 Θ.
964 3833 1015 3896 89.
1040 3825 1073 3893 δ’
1103 3826 1183 3895 ἄθιο
1207 3835 1288 3898 TA:
1318 3823 1350 3896 θ’
1377 3827 1475 3898 ἄθων

318 3931 358 3995 Θ.
402 3931 455 3995 90.
488 3932 676 4014 προελθεῖν
710 3934 742 3996 Γ
768 3951 848 4000 corr.
885 3931 954 3998 rad.
991 3938 1046 3998 A:
1083 3933 1292 4016 προσελθεῖν
1332 3937 1393 4000 ΘΓ
1427 3956 1474 4021 pr.

316 4033 368 4098 92.
391 4027 505 4108 οὐδεὶς
526 4029 590 4115 γὰρ
607 4036 690 4099 TA:
711 4029 775 4116 γάρ
799 4053 862 4102 om.
880 4035 918 4098 Θ.
964 4037 1015 4100 92.
1039 4045 1158 4118 φυγεῖν
1174 4039 1206 4100 Γ
1201 4042 1256 4102 A:
1279 4037 1418 4121 φεύγειν
1436 4041 1475 4105 Θ.

315 4136 367 4201 93.
390 4131 705 4219 πελοπον<ν>ήσίιον
727 4135 789 4215 μὲν
813 4139 844 4200 Γ
840 4140 879 4202 Λ
887 4159 895 4202 :
917 4135 978 4217 μὲν
1001 4156 1062 4204 om.
1082 4139 1121 4220 Θ,
1145 4139 1185 4206 01.
1207 4145 1273 4203 τῶν
1297 4129 1331 4203 δ’
1356 4135 1475 4218 ἄλλων,
