3318 4970
318 405 359 466 20
737 402 877 470 Augustus
895 399 1048 457 Junemam

316 577 474 644 affecisse.
518 576 621 642 Immo
651 580 686 640 ut
714 574 857 640 classicis
887 574 1051 658 militibus,
1086 575 1132 641 ita
1165 577 1321 644 classicae
1351 579 1472 661 legioni

318 699 391 746 eum
413 699 477 744 non
499 678 621 744 lavisse
644 676 713 743 veri
736 676 935 742 simillimum
959 683 1017 759 est,
1040 679 1231 760 praesertim
1246 699 1317 746 cum
1333 679 1471 748 Neronis

316 780 552 849 studiosissima
565 779 687 845 fuisset.
725 777 791 845 Sed
808 779 895 862 quod
911 785 976 845 turn
992 798 1150 864 nusquam
1167 780 1287 848 bellum
1303 783 1471 850 imminere

316 883 496 966 videbatur,
530 881 705 950 secundum
731 883 838 966 legem
866 883 1017 948 usitatam
1046 888 1216 950 veteranos
1246 885 1315 951 eius
1338 885 1469 952 dimisit.

314 985 384 1052 Iam
411 1004 489 1050 vero
518 985 752 1067 argumentatio
782 1003 880 1067 supra
907 985 1072 1069 proposita
1099 985 1133 1051 in
1156 1005 1195 1053 eo
1223 987 1343 1070 nititur,
1373 988 1470 1070 quod,

317 1107 389 1154 cum
419 1086 526 1152 Galba
559 1087 672 1152 urbem
704 1087 808 1164 iniret,
843 1086 889 1151 ibi
921 1087 1021 1153 fuisse
1054 1088 1222 1155 statuimus
1250 1096 1283 1155 et
1311 1089 1472 1172 legionem

317 1189 485 1256 classicam
517 1197 549 1255 et
578 1189 695 1254 multos
723 1189 806 1256 alios
837 1189 1028 1273 classiarios,
1063 1191 1118 1273 qui
1152 1191 1185 1256 in
1214 1191 1375 1274 legionem
1408 1213 1472 1260 non

316 1292 421 1358 coacti
443 1292 587 1375 aquilam
611 1291 826 1374 postulabant.
871 1289 994 1369 Quodsi
1023 1292 1046 1356 ii
1075 1299 1198 1358 tantum
1221 1294 1389 1377 classiarii,
1416 1297 1472 1378 qui

316 1394 349 1458 in
372 1395 499 1477 legione
522 1415 544 1460 c
566 1393 695 1460 Nerone
718 1395 900 1477 conscripta
922 1414 985 1460 non
1006 1395 1196 1477 militabant,
1225 1395 1357 1463 adducti
1387 1407 1471 1479 sunt,

316 1502 352 1562 ut
373 1495 511 1562 Galbam
535 1495 695 1562 eiusmodi
717 1495 867 1581 precibus
890 1495 1025 1578 adirent,
1056 1496 1216 1580 legionem
1246 1498 1350 1582 ipsam
1378 1499 1471 1582 signa

317 1603 384 1662 tum
400 1596 553 1664 habuisse
575 1598 687 1679 negari
709 1617 773 1663 non
796 1604 911 1680 potest.
948 1599 1062 1680 ltaque
1085 1600 1139 1664 vel
1161 1598 1222 1666 hac
1238 1599 1471 1667 deliberatione

315 1719 375 1766 nos
391 1700 587 1766 commoveri
604 1699 762 1768 concedes
785 1708 819 1765 ut
842 1701 1012 1784 legionem,
1037 1720 1100 1783 quo
1123 1707 1266 1784 tempore
1289 1709 1397 1769 creata
1419 1703 1470 1785 sit,

317 1802 426 1868 statim
448 1803 548 1885 signis
571 1808 604 1868 et
625 1803 735 1885 aquila
758 1802 910 1868 donatam
933 1823 1003 1872 esse
1026 1802 1204 1872 credamus.
1249 1805 1351 1871 Nobis
1374 1805 1472 1887 igitur

314 1921 502 1987 persuasum
518 1911 567 1970 cst
582 1903 719 1970 eundem
735 1905 925 1989 principem,
949 1906 1004 1988 qui
1019 1906 1180 1989 legionem
1199 1907 1330 1990 creavit,
1354 1925 1470 1990 nempe

315 2005 487 2087 Neronem,
510 2007 652 2090 aquilam
675 2024 802 2090 quoquc
825 2009 855 2072 ei
878 2006 1018 2074 dedisse.

459 2233 487 2294 2.
526 2229 582 2294 De
605 2228 840 2294 nominibus
862 2247 1109 2311 numeroque
1131 2229 1320 2312 legionis.

401 2365 496 2430 Initio
512 2363 618 2428 Taciti
633 2362 839 2428 historiarum
861 2364 947 2444 legio
963 2363 987 2427 l.
1003 2363 1155 2429 Adiutrix
1171 2384 1269 2447 saepe
1293 2367 1378 2433 clas
1388 2369 1472 2434 sica

316 2475 372 2536 aut
403 2467 533 2552 prima
568 2464 837 2532 classicorum
873 2471 1015 2546 vocatur,
1050 2483 1133 2547 quae
1168 2467 1359 2547 cognomina
1393 2467 1471 2549 quid

316 2567 497 2653 significent
513 2568 676 2652 explicare
699 2587 762 2633 non
785 2586 866 2650 opus
890 2572 946 2633 est.
992 2566 1100 2632 Primo
1125 2567 1210 2632 enim
1233 2568 1344 2634 obtutu
1368 2587 1407 2634 ea
1428 2567 1472 2634 ad

316 2672 472 2754 originem
494 2670 633 2753 legionis
656 2675 803 2752 spectare
825 2668 1010 2752 intelleges;
1033 2674 1131 2751 atque
1154 2689 1188 2734 re
1211 2688 1289 2735 vera
1311 2669 1471 2736 eiusmodi

317 2772 434 2856 origini
457 2773 578 2855 optime
601 2771 730 2836 nomina
752 2771 810 2836 illa
835 2761 1038 2836 conveniunt.

402 2875 426 2940 I.
461 2873 629 2956 Proprium
656 2879 764 2938 autem
799 2878 831 2937 et
864 2872 955 2954 quasi
984 2870 1128 2935 nativum
1162 2877 1211 2934 cst
1243 2867 1317 2934 huic
1350 2870 1470 2952 legioni

316 2995 432 3043 nornen
455 2975 665 3055 Adiutrix,
695 2975 786 3040 cuius
816 2970 1007 3055 significatio
1030 2969 1138 3036 adhuc
1160 2969 1300 3036 nondum
1324 2977 1470 3036 constare

316 3079 454 3161 videtur,
477 3096 670 3160 quamquam
695 3075 778 3142 hanc
800 3076 961 3157 legionem
984 3073 1141 3158 peculiari
1168 3070 1355 3138 condicione
1378 3092 1470 3138 usam

315 3199 388 3248 esse
411 3178 532 3245 dudum
556 3179 718 3261 cognitum
742 3185 798 3244 est.
808 3179 830 3256 ¹)

405 3383 429 3443 l)
447 3378 509 3435 Vox
525 3379 587 3448 ipsa
609 3378 643 3433 ab
669 3378 820 3434 adiuvando
844 3376 960 3446 aliquem
984 3376 1093 3431 ductam
1112 3390 1173 3431 esse
1190 3378 1268 3443 puto;
1292 3374 1355 3430 inde
1378 3389 1410 3430 ea
1433 3375 1472 3429 vis

316 3463 444 3519 vocabuli
460 3463 586 3532 prolecta
599 3469 649 3530 est,
668 3478 738 3533 quae
756 3463 874 3532 aliquem
892 3460 1036 3530 significat,
1054 3461 1101 3532 qui
1112 3460 1195 3516 alicui
1207 3460 1331 3516 subvenit
1341 3460 1369 3514 in
1381 3457 1472 3514 ollicio

316 3553 365 3604 aut
376 3548 435 3618 ipse
446 3549 560 3604 alicuius
573 3563 684 3604 munere
695 3548 827 3618 iungitur.
847 3547 889 3604 cf.
902 3546 1037 3617 Ruggiero
1046 3541 1120 3601 ‘Dia
1133 3537 1227 3616 epigr.'
1240 3546 1317 3613 1.vs;
1331 3545 1472 3600 Oichorius

317 3633 347 3688 in
360 3627 473 3704 ‘Paulys
491 3626 733 3705 ReclEncyclop'
751 3635 777 3687 1²
794 3651 822 3703 p.
840 3637 891 3688 366
909 3648 931 3688 s.
949 3650 974 3689 v.
993 3633 1127 3687 Adiutrix.
1146 3631 1271 3685 -llaec
1293 3631 1409 3685 nominis
1433 3629 1473 3684 vis

319 3718 496 3776 confirmatur
518 3720 604 3776 titulis
622 3721 663 3774 llI
682 3724 764 3776 1471:
791 3719 822 3774 P.
841 3719 900 3774 Ael.
925 3718 999 3788 Sept.
1018 3717 1123 3772 Audeo.
1142 3715 1189 3787 qui
1215 3721 1241 3770 et
1263 3716 1399 3770 Maximus
1421 3719 1473 3770 uel.

317 3821 351 3861 ex
363 3805 382 3860 Ὶ
393 3822 420 3860 n.
434 3805 465 3859 P.
478 3805 511 3860 Ο.
524 3806 600 3861 vixit.
620 3821 683 3863 ann.
694 3805 746 3859 LX
763 3805 823 3858 Ael.
844 3805 918 3874 Sept.
937 3803 1087 3858 Romanus.
1105 3802 1162 3857 mil.
1175 3802 1227 3870 leg.
1239 3801 1314 3856 XlII.
1335 3800 1368 3856 G.
1382 3800 1472 3855 Aiut.

318 3889 391 3947 offic.
418 3891 550 3948 cornicul.
578 3894 607 3945 et
628 3890 757 3960 Septimia
784 3889 935 3959 Septimius
957 3895 986 3943 et
1009 3905 1035 3958 q.
1053 3903 1076 3944 s.
1095 3917 1129 3927 —
1147 3887 1185 3942 Vl
1204 3890 1284 3941 2168:
1311 3885 1346 3942 D.
1365 3886 1404 3941 M.
1423 3885 1473 3939 On.

318 3977 381 4033 luli.
395 3977 443 4032 Gn.
462 3975 500 4032 fil.
514 3976 616 4032 Donati
634 3975 722 4032 Prisci
739 3991 773 4030 ex
791 3991 870 4044 equo.
888 3974 989 4044 public.
1008 3973 1180 4030 adiutoris
1198 3971 1372 4040 haruspicum
1388 3971 1473 4040 impe-

318 4063 421 4118 ratoris
443 4061 580 4132 pontificis
602 4061 709 4117 Albani.
727 4091 760 4102 —
780 4060 869 4116 Multa
886 4058 961 4114 varia
978 4059 1100 4128 exempla
1117 4058 1198 4113 aliert
1215 4055 1303 4111 Habel
1319 4056 1347 4111 in
1361 4050 1474 4125 ‘Paulys

316 4141 559 4218 Rsal·Encpclop.'
577 4148 603 4202 1²
621 4163 649 4218 p.
669 4151 719 4202 364
737 4164 758 4205 s.
778 4165 803 4202 v.
823 4145 950 4202 Adiutor.
