<?xml version="1.0" encoding="UTF-8"?>
<!DOCTYPE html PUBLIC "-//W3C//DTD XHTML 1.0 Transitional//EN"
    "http://www.w3.org/TR/xhtml1/DTD/xhtml1-transitional.dtd">
<html xmlns="http://www.w3.org/1999/xhtml" xml:lang="en" lang="en">
 <head>
  <title>
</title>
<meta http-equiv="Content-Type" content="text/html;charset=utf-8" />
  <meta name='ocr-system' content='tesseract 3.04.00' />
  <meta name='ocr-capabilities' content='ocr_page ocr_carea ocr_par ocr_line ocrx_word'/>
</head>
<body>
  <div class='ocr_page' id='page_1' title='image "./leipzigerstudie00curtgoog_0248.png"; bbox 0 0 3270 4968; ppageno 0'>
   <div class='ocr_carea' id='block_1_1' title="bbox 325 349 1056 420">
    <p class='ocr_par' dir='ltr' id='par_1_1' title="bbox 325 349 1056 420">
     <span class='ocr_line' id='line_1_1' title="bbox 325 349 1056 420; baseline -0.015 -8"><span class='ocrx_word' id='word_1_1' title='bbox 325 353 366 412; x_wconf 80' lang='lat' dir='ltr'><strong>ol</strong></span> <span class='ocrx_word' id='word_1_2' title='bbox 749 350 931 420; x_wconf 76' lang='lat' dir='ltr'><strong>Eugolbertus</strong></span> <span class='ocrx_word' id='word_1_3' title='bbox 948 349 1056 418; x_wconf 89' lang='lat' dir='ltr'><strong>Drerup</strong></span> 
     </span>
    </p>
   </div>
   <div class='ocr_carea' id='block_1_2' title="bbox 286 523 1483 3690">
    <p class='ocr_par' dir='ltr' id='par_1_2' title="bbox 286 523 1482 1740">
     <span class='ocr_line' id='line_1_2' title="bbox 324 523 1482 604; baseline -0.002 -10"><span class='ocrx_word' id='word_1_4' title='bbox 324 526 410 594; x_wconf 90' lang='lat' dir='ltr'><strong>idem</strong></span> <span class='ocrx_word' id='word_1_5' title='bbox 427 525 468 592; x_wconf 91' lang='lat' dir='ltr'><strong>de</strong></span> <span class='ocrx_word' id='word_1_6' title='bbox 484 523 628 591; x_wconf 87' lang='lat' dir='ltr'><strong>oratione</strong></span> <span class='ocrx_word' id='word_1_7' title='bbox 643 523 697 600; x_wconf 84' lang='lat' dir='ltr'><strong>„in</strong></span> <span class='ocrx_word' id='word_1_8' title='bbox 715 523 970 590; x_wconf 79' lang='lat' dir='ltr'><strong>Callimachum“</strong></span> <span class='ocrx_word' id='word_1_9' title='bbox 986 523 1106 590; x_wconf 92' lang='lat' dir='ltr'><strong>dictum</strong></span> <span class='ocrx_word' id='word_1_10' title='bbox 1122 524 1229 591; x_wconf 88' lang='lat' dir='ltr'><strong>velim.</strong></span> <span class='ocrx_word' id='word_1_11' title='bbox 1268 523 1482 604; x_wconf 80' lang='lat' dir='ltr'><strong>Quamobrem</strong></span> 
     </span>
     <span class='ocr_line' id='line_1_3' title="bbox 324 625 1481 712; baseline -0.001 -16"><span class='ocrx_word' id='word_1_12' title='bbox 324 630 366 696; x_wconf 90' lang='lat' dir='ltr'><strong>ad</strong></span> <span class='ocrx_word' id='word_1_13' title='bbox 390 628 550 695; x_wconf 88' lang='lat' dir='ltr'><strong>orationes</strong></span> <span class='ocrx_word' id='word_1_14' title='bbox 573 625 635 702; x_wconf 83' lang='lat' dir='ltr'><strong>„de</strong></span> <span class='ocrx_word' id='word_1_15' title='bbox 658 627 765 711; x_wconf 84' lang='lat' dir='ltr'><strong>bigis“</strong></span> <span class='ocrx_word' id='word_1_16' title='bbox 787 633 819 692; x_wconf 89' lang='lat' dir='ltr'><strong>et</strong></span> <span class='ocrx_word' id='word_1_17' title='bbox 841 627 895 704; x_wconf 81' lang='lat' dir='ltr'><strong>„in</strong></span> <span class='ocrx_word' id='word_1_18' title='bbox 915 625 1093 693; x_wconf 87' lang='lat' dir='ltr'><strong>Lochiten“</strong></span> <span class='ocrx_word' id='word_1_19' title='bbox 1115 632 1324 711; x_wconf 89' lang='lat' dir='ltr'><strong>transeamus,</strong></span> <span class='ocrx_word' id='word_1_20' title='bbox 1348 649 1481 712; x_wconf 89' lang='lat' dir='ltr'><strong>quarum</strong></span> 
     </span>
     <span class='ocr_line' id='line_1_4' title="bbox 324 726 1481 816; baseline 0.001 -18"><span class='ocrx_word' id='word_1_21' title='bbox 324 731 489 816; x_wconf 89' lang='lat' dir='ltr'><strong>prooemia</strong></span> <span class='ocrx_word' id='word_1_22' title='bbox 512 736 544 796; x_wconf 92' lang='lat' dir='ltr'><strong>et</strong></span> <span class='ocrx_word' id='word_1_23' title='bbox 565 730 858 812; x_wconf 76' lang='lat' dir='ltr'><strong>argumentationes</strong></span> <span class='ocrx_word' id='word_1_24' title='bbox 882 726 1113 794; x_wconf 80' lang='lat' dir='ltr'><strong>desiderantur.</strong></span> <span class='ocrx_word' id='word_1_25' title='bbox 1160 728 1254 806; x_wconf 80' lang='lat' dir='ltr'><strong>Quod</strong></span> <span class='ocrx_word' id='word_1_26' title='bbox 1277 732 1310 796; x_wconf 94' lang='lat' dir='ltr'><strong>iu</strong></span> <span class='ocrx_word' id='word_1_27' title='bbox 1327 731 1481 799; x_wconf 89' lang='lat' dir='ltr'><strong>Urbinatc</strong></span> 
     </span>
     <span class='ocr_line' id='line_1_5' title="bbox 325 830 1481 920; baseline 0 -20"><span class='ocrx_word' id='word_1_28' title='bbox 325 841 496 920; x_wconf 89' lang='lat' dir='ltr'><strong>praeterea</strong></span> <span class='ocrx_word' id='word_1_29' title='bbox 526 832 680 899; x_wconf 86' lang='lat' dir='ltr'><strong>orationis</strong></span> <span class='ocrx_word' id='word_1_30' title='bbox 709 831 796 896; x_wconf 90' lang='lat' dir='ltr'><strong>XVI.</strong></span> <span class='ocrx_word' id='word_1_31' title='bbox 820 832 945 896; x_wconf 94' lang='lat' dir='ltr'><strong>initium</strong></span> <span class='ocrx_word' id='word_1_32' title='bbox 969 830 1069 916; x_wconf 81' lang='lat' dir='ltr'><strong>deest,</strong></span> <span class='ocrx_word' id='word_1_33' title='bbox 1103 833 1221 899; x_wconf 88' lang='lat' dir='ltr'><strong>nullius</strong></span> <span class='ocrx_word' id='word_1_34' title='bbox 1244 839 1293 900; x_wconf 91' lang='lat' dir='ltr'><strong>est</strong></span> <span class='ocrx_word' id='word_1_35' title='bbox 1319 838 1481 919; x_wconf 87' lang='lat' dir='ltr'><strong>momenti,</strong></span> 
     </span>
     <span class='ocr_line' id='line_1_6' title="bbox 325 931 1479 1019; baseline -0.001 -14"><span class='ocrx_word' id='word_1_36' title='bbox 325 959 397 1005; x_wconf 93' lang='lat' dir='ltr'><strong>cum</strong></span> <span class='ocrx_word' id='word_1_37' title='bbox 412 937 556 1004; x_wconf 90' lang='lat' dir='ltr'><strong>defectus</strong></span> <span class='ocrx_word' id='word_1_38' title='bbox 574 933 626 1000; x_wconf 88' lang='lat' dir='ltr'><strong>hic</strong></span> <span class='ocrx_word' id='word_1_39' title='bbox 641 935 762 1017; x_wconf 86' lang='lat' dir='ltr'><strong>pariter</strong></span> <span class='ocrx_word' id='word_1_40' title='bbox 776 941 874 1016; x_wconf 90' lang='lat' dir='ltr'><strong>atque</strong></span> <span class='ocrx_word' id='word_1_41' title='bbox 890 931 961 1000; x_wconf 90' lang='lat' dir='ltr'><strong>finis</strong></span> <span class='ocrx_word' id='word_1_42' title='bbox 978 935 1132 1001; x_wconf 89' lang='lat' dir='ltr'><strong>orationis</strong></span> <span class='ocrx_word' id='word_1_43' title='bbox 1147 934 1210 1011; x_wconf 80' lang='lat' dir='ltr'><strong>„de</strong></span> <span class='ocrx_word' id='word_1_44' title='bbox 1225 939 1479 1019; x_wconf 86' lang='lat' dir='ltr'><strong>permutatione“</strong></span> 
     </span>
     <span class='ocr_line' id='line_1_7' title="bbox 324 1036 1479 1120; baseline 0.002 -14"><span class='ocrx_word' id='word_1_45' title='bbox 324 1041 454 1106; x_wconf 91' lang='lat' dir='ltr'><strong>mutilus</strong></span> <span class='ocrx_word' id='word_1_46' title='bbox 476 1058 539 1104; x_wconf 91' lang='lat' dir='ltr'><strong>uno</strong></span> <span class='ocrx_word' id='word_1_47' title='bbox 562 1036 727 1104; x_wconf 89' lang='lat' dir='ltr'><strong>Urbinatis</strong></span> <span class='ocrx_word' id='word_1_48' title='bbox 749 1036 918 1120; x_wconf 78' lang='lat' dir='ltr'><strong>archetypi</strong></span> <span class='ocrx_word' id='word_1_49' title='bbox 940 1036 1017 1102; x_wconf 90' lang='lat' dir='ltr'><strong>lolio</strong></span> <span class='ocrx_word' id='word_1_50' title='bbox 1044 1037 1164 1104; x_wconf 88' lang='lat' dir='ltr'><strong>amisso</strong></span> <span class='ocrx_word' id='word_1_51' title='bbox 1193 1039 1403 1120; x_wconf 85' lang='lat' dir='ltr'><strong>probabiliter</strong></span> <span class='ocrx_word' id='word_1_52' title='bbox 1425 1061 1479 1108; x_wconf 88' lang='lat' dir='ltr'><strong>cx·</strong></span> 
     </span>
     <span class='ocr_line' id='line_1_8' title="bbox 323 1138 1481 1227; baseline 0.001 -17"><span class='ocrx_word' id='word_1_53' title='bbox 323 1145 460 1227; x_wconf 80' lang='lat' dir='ltr'><strong>plicetur</strong></span> <span class='ocrx_word' id='word_1_54' title='bbox 488 1141 540 1218; x_wconf 87' lang='lat' dir='ltr'><strong>(ci.</strong></span> <span class='ocrx_word' id='word_1_55' title='bbox 563 1139 814 1206; x_wconf 91' lang='lat' dir='ltr'><strong>Buermannum:</strong></span> <span class='ocrx_word' id='word_1_56' title='bbox 846 1139 878 1204; x_wconf 91' lang='lat' dir='ltr'><strong>ll</strong></span> <span class='ocrx_word' id='word_1_57' title='bbox 900 1159 931 1222; x_wconf 92' lang='lat' dir='ltr'><strong>p.</strong></span> <span class='ocrx_word' id='word_1_58' title='bbox 956 1142 996 1218; x_wconf 84' lang='grc'><strong>5).</strong></span> <span class='ocrx_word' id='word_1_59' title='bbox 1041 1138 1107 1206; x_wconf 90' lang='lat' dir='ltr'><strong>Sed</strong></span> <span class='ocrx_word' id='word_1_60' title='bbox 1137 1141 1234 1206; x_wconf 88' lang='lat' dir='ltr'><strong>etiam</strong></span> <span class='ocrx_word' id='word_1_61' title='bbox 1263 1142 1388 1210; x_wconf 88' lang='lat' dir='ltr'><strong>duabus</strong></span> <span class='ocrx_word' id='word_1_62' title='bbox 1417 1146 1481 1211; x_wconf 91' lang='lat' dir='ltr'><strong>illis</strong></span> 
     </span>
     <span class='ocr_line' id='line_1_9' title="bbox 286 1239 1480 1330; baseline -0.004 -12"><span class='ocrx_word' id='word_1_63' title='bbox 286 1312 289 1318; x_wconf 91' lang='lat'>.</span> <span class='ocrx_word' id='word_1_64' title='bbox 324 1245 521 1313; x_wconf 88' lang='lat' dir='ltr'><strong>orationibus</strong></span> <span class='ocrx_word' id='word_1_65' title='bbox 543 1243 712 1326; x_wconf 88' lang='lat' dir='ltr'><strong>quominus</strong></span> <span class='ocrx_word' id='word_1_66' title='bbox 734 1248 870 1324; x_wconf 86' lang='lat' dir='ltr'><strong>utamur,</strong></span> <span class='ocrx_word' id='word_1_67' title='bbox 900 1261 938 1307; x_wconf 94' lang='lat' dir='ltr'><strong>eo</strong></span> <span class='ocrx_word' id='word_1_68' title='bbox 961 1239 1178 1326; x_wconf 87' lang='lat' dir='ltr'><strong>prohibemur,</strong></span> <span class='ocrx_word' id='word_1_69' title='bbox 1210 1244 1297 1326; x_wconf 90' lang='lat' dir='ltr'><strong>quod</strong></span> <span class='ocrx_word' id='word_1_70' title='bbox 1328 1247 1389 1312; x_wconf 90' lang='lat' dir='ltr'><strong>viri</strong></span> <span class='ocrx_word' id='word_1_71' title='bbox 1412 1249 1480 1330; x_wconf 91' lang='lat' dir='ltr'><strong>qui·</strong></span> 
     </span>
     <span class='ocr_line' id='line_1_10' title="bbox 324 1345 1480 1434; baseline 0.001 -19"><span class='ocrx_word' id='word_1_72' title='bbox 324 1349 398 1416; x_wconf 93' lang='lat' dir='ltr'><strong>dam</strong></span> <span class='ocrx_word' id='word_1_73' title='bbox 421 1347 507 1414; x_wconf 89' lang='lat' dir='ltr'><strong>docti</strong></span> <span class='ocrx_word' id='word_1_74' title='bbox 529 1365 593 1412; x_wconf 92' lang='lat' dir='ltr'><strong>non</strong></span> <span class='ocrx_word' id='word_1_75' title='bbox 614 1347 684 1412; x_wconf 92' lang='lat' dir='ltr'><strong>sinc</strong></span> <span class='ocrx_word' id='word_1_76' title='bbox 706 1346 852 1411; x_wconf 84' lang='lat' dir='ltr'><strong>veritatis</strong></span> <span class='ocrx_word' id='word_1_77' title='bbox 875 1345 984 1426; x_wconf 91' lang='lat' dir='ltr'><strong>specie</strong></span> <span class='ocrx_word' id='word_1_78' title='bbox 1006 1345 1180 1412; x_wconf 87' lang='lat' dir='ltr'><strong>Isocratem</strong></span> <span class='ocrx_word' id='word_1_79' title='bbox 1210 1348 1255 1412; x_wconf 94' lang='lat' dir='ltr'><strong>nil</strong></span> <span class='ocrx_word' id='word_1_80' title='bbox 1281 1349 1344 1415; x_wconf 91' lang='lat' dir='ltr'><strong>nisi</strong></span> <span class='ocrx_word' id='word_1_81' title='bbox 1373 1358 1480 1434; x_wconf 88' lang='lat' dir='ltr'><strong>parles</strong></span> 
     </span>
     <span class='ocr_line' id='line_1_11' title="bbox 324 1447 1480 1532; baseline -0.001 -13"><span class='ocrx_word' id='word_1_82' title='bbox 324 1453 502 1519; x_wconf 91' lang='lat' dir='ltr'><strong>orationum</strong></span> <span class='ocrx_word' id='word_1_83' title='bbox 524 1448 688 1515; x_wconf 88' lang='lat' dir='ltr'><strong>codicibus</strong></span> <span class='ocrx_word' id='word_1_84' title='bbox 711 1453 856 1514; x_wconf 87' lang='lat' dir='ltr'><strong>servatas</strong></span> <span class='ocrx_word' id='word_1_85' title='bbox 878 1447 1000 1531; x_wconf 84' lang='lat' dir='ltr'><strong>publici</strong></span> <span class='ocrx_word' id='word_1_86' title='bbox 1023 1448 1101 1514; x_wconf 91' lang='lat' dir='ltr'><strong>iuris</strong></span> <span class='ocrx_word' id='word_1_87' title='bbox 1122 1449 1238 1516; x_wconf 88' lang='lat' dir='ltr'><strong>fecisse</strong></span> <span class='ocrx_word' id='word_1_88' title='bbox 1262 1452 1447 1518; x_wconf 83' lang='lat' dir='ltr'><strong>existimant</strong></span> <span class='ocrx_word' id='word_1_89' title='bbox 1460 1456 1480 1532; x_wconf 88' lang='lat'><strong>¹)</strong></span> 
     </span>
     <span class='ocr_line' id='line_1_12' title="bbox 325 1549 1480 1639; baseline 0.002 -19"><span class='ocrx_word' id='word_1_90' title='bbox 325 1576 439 1639; x_wconf 90' lang='lat' dir='ltr'><strong>parum</strong></span> <span class='ocrx_word' id='word_1_91' title='bbox 469 1552 594 1620; x_wconf 90' lang='lat' dir='ltr'><strong>scilicet</strong></span> <span class='ocrx_word' id='word_1_92' title='bbox 623 1557 780 1634; x_wconf 87' lang='lat' dir='ltr'><strong>curantes,</strong></span> <span class='ocrx_word' id='word_1_93' title='bbox 816 1549 901 1634; x_wconf 92' lang='lat' dir='ltr'><strong>quod</strong></span> <span class='ocrx_word' id='word_1_94' title='bbox 931 1549 1043 1634; x_wconf 84' lang='lat' dir='ltr'><strong>Zycba</strong></span> <span class='ocrx_word' id='word_1_95' title='bbox 1052 1551 1075 1628; x_wconf 82' lang='lat'><strong>²)</strong></span> <span class='ocrx_word' id='word_1_96' title='bbox 1109 1551 1189 1619; x_wconf 87' lang='lat' dir='ltr'><strong>miro</strong></span> <span class='ocrx_word' id='word_1_97' title='bbox 1220 1553 1359 1635; x_wconf 88' lang='lat' dir='ltr'><strong>quodam</strong></span> <span class='ocrx_word' id='word_1_98' title='bbox 1384 1556 1480 1622; x_wconf 92' lang='lat' dir='ltr'><strong>modo</strong></span> 
     </span>
     <span class='ocr_line' id='line_1_13' title="bbox 324 1653 1371 1740; baseline 0.001 -18"><span class='ocrx_word' id='word_1_99' title='bbox 324 1658 489 1740; x_wconf 86' lang='lat' dir='ltr'><strong>utriusque</strong></span> <span class='ocrx_word' id='word_1_100' title='bbox 511 1654 663 1721; x_wconf 91' lang='lat' dir='ltr'><strong>orationis</strong></span> <span class='ocrx_word' id='word_1_101' title='bbox 686 1653 902 1736; x_wconf 83' lang='lat' dir='ltr'><strong>integritatem</strong></span> <span class='ocrx_word' id='word_1_102' title='bbox 926 1653 1136 1737; x_wconf 84' lang='lat' dir='ltr'><strong>comprobare</strong></span> <span class='ocrx_word' id='word_1_103' title='bbox 1158 1661 1290 1722; x_wconf 89' lang='lat' dir='ltr'><strong>conatus</strong></span> <span class='ocrx_word' id='word_1_104' title='bbox 1314 1664 1371 1724; x_wconf 92' lang='lat' dir='ltr'><strong>est.</strong></span> 
     </span>
    </p>

    <p class='ocr_par' dir='ltr' id='par_1_3' title="bbox 324 1754 1482 3074">
     <span class='ocr_line' id='line_1_14' title="bbox 410 1754 1479 1839; baseline 0.005 -15"><span class='ocrx_word' id='word_1_105' title='bbox 410 1759 523 1825; x_wconf 87' lang='lat' dir='ltr'><strong>Restat</strong></span> <span class='ocrx_word' id='word_1_106' title='bbox 545 1757 647 1823; x_wconf 88' lang='lat' dir='ltr'><strong>oratio</strong></span> <span class='ocrx_word' id='word_1_107' title='bbox 670 1762 803 1832; x_wconf 83' lang='lat' dir='ltr'><strong>„contra</strong></span> <span class='ocrx_word' id='word_1_108' title='bbox 824 1754 986 1839; x_wconf 88' lang='lat' dir='ltr'><strong>sophistas</strong></span> <span class='ocrx_word' id='word_1_109' title='bbox 995 1761 1018 1839; x_wconf 80' lang='lat'><strong>“,</strong></span> <span class='ocrx_word' id='word_1_110' title='bbox 1042 1775 1125 1838; x_wconf 90' lang='lat' dir='ltr'><strong>quae</strong></span> <span class='ocrx_word' id='word_1_111' title='bbox 1149 1764 1181 1824; x_wconf 89' lang='lat' dir='ltr'><strong>et</strong></span> <span class='ocrx_word' id='word_1_112' title='bbox 1202 1758 1235 1824; x_wconf 93' lang='lat' dir='ltr'><strong>in</strong></span> <span class='ocrx_word' id='word_1_113' title='bbox 1258 1761 1406 1828; x_wconf 92' lang='lat' dir='ltr'><strong>omnibus</strong></span> <span class='ocrx_word' id='word_1_114' title='bbox 1429 1782 1479 1828; x_wconf 91' lang='lat' dir='ltr'><strong>oo·</strong></span> 
     </span>
     <span class='ocr_line' id='line_1_15' title="bbox 325 1858 1481 1947; baseline 0.003 -19"><span class='ocrx_word' id='word_1_115' title='bbox 325 1862 451 1928; x_wconf 89' lang='lat' dir='ltr'><strong>dicibus</strong></span> <span class='ocrx_word' id='word_1_116' title='bbox 467 1861 547 1938; x_wconf 86' lang='lat' dir='ltr'><strong>(scil.</strong></span> <span class='ocrx_word' id='word_1_117' title='bbox 565 1861 712 1936; x_wconf 86' lang='grc' dir='ltr'>ΓΘΛΠ)</span> <span class='ocrx_word' id='word_1_118' title='bbox 728 1858 845 1941; x_wconf 84' lang='lat' dir='ltr'><strong>legitur</strong></span> <span class='ocrx_word' id='word_1_119' title='bbox 861 1865 893 1924; x_wconf 92' lang='lat' dir='ltr'><strong>et</strong></span> <span class='ocrx_word' id='word_1_120' title='bbox 909 1878 950 1924; x_wconf 84' lang='lat' dir='ltr'><strong>ex</strong></span> <span class='ocrx_word' id='word_1_121' title='bbox 966 1879 1122 1926; x_wconf 91' lang='lat' dir='ltr'><strong>consensu</strong></span> <span class='ocrx_word' id='word_1_122' title='bbox 1142 1862 1281 1928; x_wconf 92' lang='lat' dir='ltr'><strong>omnium</strong></span> <span class='ocrx_word' id='word_1_123' title='bbox 1300 1897 1337 1908; x_wconf 94' lang='lat'><em>-</em></span> <span class='ocrx_word' id='word_1_124' title='bbox 1354 1871 1481 1947; x_wconf 89' lang='lat' dir='ltr'><strong>praeter</strong></span> 
     </span>
     <span class='ocr_line' id='line_1_16' title="bbox 326 1960 1480 2050; baseline 0.002 -19"><span class='ocrx_word' id='word_1_125' title='bbox 326 1964 462 2031; x_wconf 89' lang='lat' dir='ltr'><strong>eundem</strong></span> <span class='ocrx_word' id='word_1_126' title='bbox 485 1964 589 2029; x_wconf 86' lang='lat' dir='ltr'><strong>virum</strong></span> <span class='ocrx_word' id='word_1_127' title='bbox 612 1962 739 2028; x_wconf 83' lang='lat' dir='ltr'><strong>doctum</strong></span> <span class='ocrx_word' id='word_1_128' title='bbox 756 1960 910 2044; x_wconf 69' lang='lat' dir='ltr'><strong>syenae,</strong></span> <span class='ocrx_word' id='word_1_129' title='bbox 935 1963 990 2046; x_wconf 91' lang='lat' dir='ltr'><strong>qui</strong></span> <span class='ocrx_word' id='word_1_130' title='bbox 1005 1969 1112 2029; x_wconf 87' lang='lat' dir='ltr'><strong>tamen</strong></span> <span class='ocrx_word' id='word_1_131' title='bbox 1128 1963 1168 2030; x_wconf 92' lang='lat' dir='ltr'><strong>de</strong></span> <span class='ocrx_word' id='word_1_132' title='bbox 1184 1967 1336 2033; x_wconf 89' lang='lat' dir='ltr'><strong>orationis</strong></span> <span class='ocrx_word' id='word_1_133' title='bbox 1352 1967 1480 2050; x_wconf 85' lang='lat' dir='ltr'><strong>integri·</strong></span> 
     </span>
     <span class='ocr_line' id='line_1_17' title="bbox 325 2062 1481 2149; baseline 0.002 -15"><span class='ocrx_word' id='word_1_134' title='bbox 325 2073 391 2134; x_wconf 91' lang='lat' dir='ltr'><strong>tate</strong></span> <span class='ocrx_word' id='word_1_135' title='bbox 414 2067 534 2133; x_wconf 90' lang='lat' dir='ltr'><strong>nemini</strong></span> <span class='ocrx_word' id='word_1_136' title='bbox 557 2065 717 2149; x_wconf 88' lang='lat' dir='ltr'><strong>persuasit</strong></span> <span class='ocrx_word' id='word_1_137' title='bbox 745 2099 786 2109; x_wconf 96' lang='lat'><em>-</em></span> <span class='ocrx_word' id='word_1_138' title='bbox 814 2065 847 2128; x_wconf 96' lang='lat' dir='ltr'><strong>in</strong></span> <span class='ocrx_word' id='word_1_139' title='bbox 876 2062 939 2130; x_wconf 88' lang='lat' dir='ltr'><strong>fine</strong></span> <span class='ocrx_word' id='word_1_140' title='bbox 968 2085 1083 2132; x_wconf 87' lang='lat' dir='ltr'><strong>manca</strong></span> <span class='ocrx_word' id='word_1_141' title='bbox 1112 2072 1170 2133; x_wconf 91' lang='lat' dir='ltr'><strong>est.</strong></span> <span class='ocrx_word' id='word_1_142' title='bbox 1215 2066 1309 2146; x_wconf 79' lang='lat' dir='ltr'><strong>Quod</strong></span> <span class='ocrx_word' id='word_1_143' title='bbox 1339 2090 1410 2135; x_wconf 91' lang='lat' dir='ltr'><strong>cum</strong></span> <span class='ocrx_word' id='word_1_144' title='bbox 1439 2071 1481 2136; x_wconf 93' lang='lat' dir='ltr'><strong>ad</strong></span> 
     </span>
     <span class='ocr_line' id='line_1_18' title="bbox 324 2165 1480 2257; baseline 0.002 -20"><span class='ocrx_word' id='word_1_145' title='bbox 324 2172 500 2237; x_wconf 86' lang='lat' dir='ltr'><strong>Isocratem</strong></span> <span class='ocrx_word' id='word_1_146' title='bbox 529 2169 633 2251; x_wconf 88' lang='lat' dir='ltr'><strong>ipsum</strong></span> <span class='ocrx_word' id='word_1_147' title='bbox 663 2165 775 2234; x_wconf 87' lang='lat' dir='ltr'><strong>referri</strong></span> <span class='ocrx_word' id='word_1_148' title='bbox 802 2174 950 2251; x_wconf 91' lang='lat' dir='ltr'><strong>nequeat,</strong></span> <span class='ocrx_word' id='word_1_149' title='bbox 985 2187 1060 2234; x_wconf 89' lang='lat' dir='ltr'><strong>casu</strong></span> <span class='ocrx_word' id='word_1_150' title='bbox 1088 2169 1207 2236; x_wconf 87' lang='lat' dir='ltr'><strong>lactum</strong></span> <span class='ocrx_word' id='word_1_151' title='bbox 1241 2191 1312 2239; x_wconf 89' lang='lat' dir='ltr'><strong>esse</strong></span> <span class='ocrx_word' id='word_1_152' title='bbox 1346 2179 1480 2257; x_wconf 83' lang='lat' dir='ltr'><strong>oportet,</strong></span> 
     </span>
     <span class='ocr_line' id='line_1_19' title="bbox 325 2269 1481 2358; baseline 0.003 -20"><span class='ocrx_word' id='word_1_153' title='bbox 325 2292 389 2357; x_wconf 88' lang='lat' dir='ltr'><strong>quo</strong></span> <span class='ocrx_word' id='word_1_154' title='bbox 411 2271 540 2339; x_wconf 89' lang='lat' dir='ltr'><strong>codices</strong></span> <span class='ocrx_word' id='word_1_155' title='bbox 563 2271 595 2335; x_wconf 96' lang='lat' dir='ltr'><strong>in</strong></span> <span class='ocrx_word' id='word_1_156' title='bbox 619 2269 680 2336; x_wconf 89' lang='lat' dir='ltr'><strong>bac</strong></span> <span class='ocrx_word' id='word_1_157' title='bbox 702 2269 832 2352; x_wconf 91' lang='lat' dir='ltr'><strong>quidem</strong></span> <span class='ocrx_word' id='word_1_158' title='bbox 855 2271 998 2336; x_wconf 89' lang='lat' dir='ltr'><strong>oratione</strong></span> <span class='ocrx_word' id='word_1_159' title='bbox 1021 2270 1064 2336; x_wconf 92' lang='lat' dir='ltr'><strong>ad</strong></span> <span class='ocrx_word' id='word_1_160' title='bbox 1080 2290 1175 2337; x_wconf 88' lang='lat' dir='ltr'><strong>unum</strong></span> <span class='ocrx_word' id='word_1_161' title='bbox 1194 2276 1361 2358; x_wconf 87' lang='lat' dir='ltr'><strong>exemplar</strong></span> <span class='ocrx_word' id='word_1_162' title='bbox 1375 2275 1481 2341; x_wconf 88' lang='lat' dir='ltr'><strong>redire</strong></span> 
     </span>
     <span class='ocr_line' id='line_1_20' title="bbox 325 2371 1480 2459; baseline 0.003 -17"><span class='ocrx_word' id='word_1_163' title='bbox 325 2375 577 2442; x_wconf 87' lang='lat' dir='ltr'><strong>demonstratum</strong></span> <span class='ocrx_word' id='word_1_164' title='bbox 601 2379 659 2438; x_wconf 90' lang='lat' dir='ltr'><strong>est.</strong></span> <span class='ocrx_word' id='word_1_165' title='bbox 704 2371 769 2438; x_wconf 83' lang='lat' dir='ltr'><strong>Sed</strong></span> <span class='ocrx_word' id='word_1_166' title='bbox 792 2373 882 2438; x_wconf 92' lang='lat' dir='ltr'><strong>utin</strong></span> <span class='ocrx_word' id='word_1_167' title='bbox 905 2375 1019 2440; x_wconf 86' lang='lat' dir='ltr'><strong>ceteris</strong></span> <span class='ocrx_word' id='word_1_168' title='bbox 1035 2394 1164 2459; x_wconf 91' lang='lat' dir='ltr'><strong>quoque</strong></span> <span class='ocrx_word' id='word_1_169' title='bbox 1186 2378 1382 2445; x_wconf 87' lang='lat' dir='ltr'><strong>orationibus</strong></span> <span class='ocrx_word' id='word_1_170' title='bbox 1406 2398 1480 2445; x_wconf 90' lang='lat' dir='ltr'><strong>eun·</strong></span> 
     </span>
     <span class='ocr_line' id='line_1_21' title="bbox 325 2473 1481 2564; baseline 0.003 -19"><span class='ocrx_word' id='word_1_171' title='bbox 325 2478 399 2545; x_wconf 92' lang='lat' dir='ltr'><strong>dem</strong></span> <span class='ocrx_word' id='word_1_172' title='bbox 436 2473 646 2560; x_wconf 89' lang='lat' dir='ltr'><strong>archetypum</strong></span> <span class='ocrx_word' id='word_1_173' title='bbox 683 2475 848 2541; x_wconf 88' lang='lat' dir='ltr'><strong>codicibus</strong></span> <span class='ocrx_word' id='word_1_174' title='bbox 882 2477 1017 2542; x_wconf 89' lang='lat' dir='ltr'><strong>servatis</strong></span> <span class='ocrx_word' id='word_1_175' title='bbox 1051 2478 1182 2544; x_wconf 88' lang='lat' dir='ltr'><strong>subesse</strong></span> <span class='ocrx_word' id='word_1_176' title='bbox 1219 2479 1404 2564; x_wconf 87' lang='lat' dir='ltr'><strong>credamus,</strong></span> <span class='ocrx_word' id='word_1_177' title='bbox 1443 2501 1481 2548; x_wconf 89' lang='lat' dir='ltr'><strong>eo</strong></span> 
     </span>
     <span class='ocr_line' id='line_1_22' title="bbox 325 2576 1480 2666; baseline 0.003 -20"><span class='ocrx_word' id='word_1_178' title='bbox 325 2581 453 2647; x_wconf 84' lang='lat' dir='ltr'><strong>facilius</strong></span> <span class='ocrx_word' id='word_1_179' title='bbox 476 2597 725 2661; x_wconf 91' lang='lat' dir='ltr'><strong>commovemur,</strong></span> <span class='ocrx_word' id='word_1_180' title='bbox 750 2576 837 2660; x_wconf 92' lang='lat' dir='ltr'><strong>quod</strong></span> <span class='ocrx_word' id='word_1_181' title='bbox 859 2579 1034 2644; x_wconf 91' lang='lat' dir='ltr'><strong>orationem</strong></span> <span class='ocrx_word' id='word_1_182' title='bbox 1057 2588 1189 2654; x_wconf 88' lang='lat' dir='ltr'><strong>„contra</strong></span> <span class='ocrx_word' id='word_1_183' title='bbox 1211 2581 1393 2666; x_wconf 82' lang='lat' dir='ltr'><strong>sophistas“</strong></span> <span class='ocrx_word' id='word_1_184' title='bbox 1417 2584 1480 2650; x_wconf 88' lang='lat' dir='ltr'><strong>iam</strong></span> 
     </span>
     <span class='ocr_line' id='line_1_23' title="bbox 325 2681 1482 2766; baseline 0.003 -16"><span class='ocrx_word' id='word_1_185' title='bbox 325 2683 418 2750; x_wconf 86' lang='lat' dir='ltr'><strong>brevi</strong></span> <span class='ocrx_word' id='word_1_186' title='bbox 450 2687 594 2766; x_wconf 91' lang='lat' dir='ltr'><strong>tempore</strong></span> <span class='ocrx_word' id='word_1_187' title='bbox 624 2686 698 2766; x_wconf 92' lang='lat' dir='ltr'><strong>post</strong></span> <span class='ocrx_word' id='word_1_188' title='bbox 725 2681 876 2747; x_wconf 89' lang='lat' dir='ltr'><strong>Isocratis</strong></span> <span class='ocrx_word' id='word_1_189' title='bbox 904 2688 1038 2747; x_wconf 89' lang='lat' dir='ltr'><strong>mortem</strong></span> <span class='ocrx_word' id='word_1_190' title='bbox 1068 2682 1113 2747; x_wconf 85' lang='lat' dir='ltr'><strong>ita</strong></span> <span class='ocrx_word' id='word_1_191' title='bbox 1141 2685 1319 2750; x_wconf 82' lang='lat' dir='ltr'><strong>mutilatam</strong></span> <span class='ocrx_word' id='word_1_192' title='bbox 1349 2706 1420 2752; x_wconf 80' lang='lat' dir='ltr'><strong>esre</strong></span> <span class='ocrx_word' id='word_1_193' title='bbox 1448 2692 1482 2752; x_wconf 89' lang='lat' dir='ltr'><strong>ut</strong></span> 
     </span>
     <span class='ocr_line' id='line_1_24' title="bbox 324 2783 1479 2868; baseline 0.007 -20"><span class='ocrx_word' id='word_1_194' title='bbox 324 2784 396 2851; x_wconf 87' lang='lat' dir='ltr'><strong>finis</strong></span> <span class='ocrx_word' id='word_1_195' title='bbox 420 2783 605 2867; x_wconf 91' lang='lat' dir='ltr'><strong>deperditus</strong></span> <span class='ocrx_word' id='word_1_196' title='bbox 621 2783 745 2850; x_wconf 88' lang='lat' dir='ltr'><strong>restitui</strong></span> <span class='ocrx_word' id='word_1_197' title='bbox 760 2802 823 2848; x_wconf 93' lang='lat' dir='ltr'><strong>non</strong></span> <span class='ocrx_word' id='word_1_198' title='bbox 838 2791 956 2866; x_wconf 91' lang='lat' dir='ltr'><strong>posset,</strong></span> <span class='ocrx_word' id='word_1_199' title='bbox 980 2790 1110 2868; x_wconf 92' lang='lat' dir='ltr'><strong>propter</strong></span> <span class='ocrx_word' id='word_1_200' title='bbox 1125 2789 1348 2854; x_wconf 86' lang='lat' dir='ltr'><strong>auctoritatem</strong></span> <span class='ocrx_word' id='word_1_201' title='bbox 1364 2791 1479 2856; x_wconf 92' lang='lat' dir='ltr'><strong>oratio·</strong></span> 
     </span>
     <span class='ocr_line' id='line_1_25' title="bbox 324 2885 1480 2968; baseline 0.005 -16"><span class='ocrx_word' id='word_1_202' title='bbox 324 2887 374 2952; x_wconf 92' lang='lat' dir='ltr'><strong>nis</strong></span> <span class='ocrx_word' id='word_1_203' title='bbox 405 2885 578 2954; x_wconf 89' lang='lat' dir='ltr'><strong>verisimile</strong></span> <span class='ocrx_word' id='word_1_204' title='bbox 599 2905 664 2951; x_wconf 93' lang='lat' dir='ltr'><strong>non</strong></span> <span class='ocrx_word' id='word_1_205' title='bbox 687 2895 744 2968; x_wconf 89' lang='lat' dir='ltr'><strong>est,</strong></span> <span class='ocrx_word' id='word_1_206' title='bbox 773 2904 876 2968; x_wconf 91' lang='lat' dir='ltr'><strong>neque</strong></span> <span class='ocrx_word' id='word_1_207' title='bbox 900 2885 1010 2952; x_wconf 88' lang='lat' dir='ltr'><strong>variae</strong></span> <span class='ocrx_word' id='word_1_208' title='bbox 1032 2887 1187 2955; x_wconf 91' lang='lat' dir='ltr'><strong>lectiones</strong></span> <span class='ocrx_word' id='word_1_209' title='bbox 1211 2889 1304 2957; x_wconf 91' lang='lat' dir='ltr'><strong>huius</strong></span> <span class='ocrx_word' id='word_1_210' title='bbox 1327 2893 1480 2958; x_wconf 86' lang='lat' dir='ltr'><strong>orationis</strong></span> 
     </span>
     <span class='ocr_line' id='line_1_26' title="bbox 326 2987 1264 3074; baseline 0.003 -20"><span class='ocrx_word' id='word_1_211' title='bbox 326 2995 503 3054; x_wconf 86' lang='lat' dir='ltr'><strong>ceterarum</strong></span> <span class='ocrx_word' id='word_1_212' title='bbox 527 2990 705 3055; x_wconf 90' lang='lat' dir='ltr'><strong>orationum</strong></span> <span class='ocrx_word' id='word_1_213' title='bbox 729 2987 927 3054; x_wconf 87' lang='lat' dir='ltr'><strong>differentias</strong></span> <span class='ocrx_word' id='word_1_214' title='bbox 949 3009 1081 3055; x_wconf 90' lang='lat' dir='ltr'><strong>numero</strong></span> <span class='ocrx_word' id='word_1_215' title='bbox 1104 2998 1264 3074; x_wconf 89' lang='lat' dir='ltr'><strong>superant.</strong></span> 
     </span>
    </p>

    <p class='ocr_par' dir='ltr' id='par_1_4' title="bbox 324 3090 1483 3690">
     <span class='ocr_line' id='line_1_27' title="bbox 410 3090 1481 3175; baseline 0.005 -18"><span class='ocrx_word' id='word_1_216' title='bbox 410 3090 547 3157; x_wconf 88' lang='lat' dir='ltr'><strong>Accedit</strong></span> <span class='ocrx_word' id='word_1_217' title='bbox 575 3095 798 3173; x_wconf 87' lang='lat' dir='ltr'><strong>argumentum</strong></span> <span class='ocrx_word' id='word_1_218' title='bbox 828 3110 869 3156; x_wconf 82' lang='lat' dir='ltr'><strong>ex</strong></span> <span class='ocrx_word' id='word_1_219' title='bbox 899 3091 1077 3157; x_wconf 90' lang='lat' dir='ltr'><strong>orationum</strong></span> <span class='ocrx_word' id='word_1_220' title='bbox 1106 3093 1251 3175; x_wconf 89' lang='lat' dir='ltr'><strong>partibus</strong></span> <span class='ocrx_word' id='word_1_221' title='bbox 1281 3096 1314 3160; x_wconf 96' lang='lat' dir='ltr'><strong>in</strong></span> <span class='ocrx_word' id='word_1_222' title='bbox 1340 3097 1481 3164; x_wconf 87' lang='lat' dir='ltr'><strong>antidosi</strong></span> 
     </span>
     <span class='ocr_line' id='line_1_28' title="bbox 326 3191 1480 3279; baseline 0.006 -21"><span class='ocrx_word' id='word_1_223' title='bbox 326 3193 433 3259; x_wconf 90' lang='lat' dir='ltr'><strong>allatis</strong></span> <span class='ocrx_word' id='word_1_224' title='bbox 457 3193 601 3276; x_wconf 91' lang='lat' dir='ltr'><strong>petitum.</strong></span> <span class='ocrx_word' id='word_1_225' title='bbox 646 3191 734 3270; x_wconf 78' lang='lat' dir='ltr'><strong>Quas</strong></span> <span class='ocrx_word' id='word_1_226' title='bbox 756 3193 798 3259; x_wconf 94' lang='lat' dir='ltr'><strong>ab</strong></span> <span class='ocrx_word' id='word_1_227' title='bbox 821 3193 962 3260; x_wconf 89' lang='lat' dir='ltr'><strong>Isocrate</strong></span> <span class='ocrx_word' id='word_1_228' title='bbox 984 3195 1097 3278; x_wconf 90' lang='lat' dir='ltr'><strong>plenas</strong></span> <span class='ocrx_word' id='word_1_229' title='bbox 1121 3197 1299 3279; x_wconf 77' lang='lat' dir='ltr'><strong>exscriptas</strong></span> <span class='ocrx_word' id='word_1_230' title='bbox 1323 3217 1393 3265; x_wconf 90' lang='lat' dir='ltr'><strong>esse</strong></span> <span class='ocrx_word' id='word_1_231' title='bbox 1416 3201 1480 3265; x_wconf 89' lang='lat' dir='ltr'><strong>iam</strong></span> 
     </span>
     <span class='ocr_line' id='line_1_29' title="bbox 325 3275 1482 3382; baseline 0.006 -22"><span class='ocrx_word' id='word_1_232' title='bbox 325 3294 450 3380; x_wconf 89' lang='lat' dir='ltr'><strong>pridem</strong></span> <span class='ocrx_word' id='word_1_233' title='bbox 482 3296 700 3362; x_wconf 84' lang='lat' dir='ltr'><strong>exorationis</strong></span> <span class='ocrx_word' id='word_1_234' title='bbox 730 3275 960 3378; x_wconf 80' lang='lat' dir='ltr'><strong>compositione</strong></span> <span class='ocrx_word' id='word_1_235' title='bbox 994 3297 1141 3363; x_wconf 87' lang='lat' dir='ltr'><strong>effectum</strong></span> <span class='ocrx_word' id='word_1_236' title='bbox 1170 3301 1267 3382; x_wconf 74' lang='lat' dir='ltr'><strong>cst4);</strong></span> <span class='ocrx_word' id='word_1_237' title='bbox 1302 3300 1388 3382; x_wconf 93' lang='lat' dir='ltr'><strong>quod</strong></span> <span class='ocrx_word' id='word_1_238' title='bbox 1418 3321 1482 3367; x_wconf 93' lang='lat' dir='ltr'><strong>non</strong></span> 
     </span>
     <span class='ocr_line' id='line_1_30' title="bbox 324 3397 1480 3486; baseline 0.006 -24"><span class='ocrx_word' id='word_1_239' title='bbox 324 3397 483 3464; x_wconf 87' lang='lat' dir='ltr'><strong>refellitur</strong></span> <span class='ocrx_word' id='word_1_240' title='bbox 506 3397 653 3463; x_wconf 89' lang='lat' dir='ltr'><strong>codicum</strong></span> <span class='ocrx_word' id='word_1_241' title='bbox 676 3399 840 3480; x_wconf 87' lang='lat' dir='ltr'><strong>memoria,</strong></span> <span class='ocrx_word' id='word_1_242' title='bbox 864 3418 934 3464; x_wconf 93' lang='lat' dir='ltr'><strong>cum</strong></span> <span class='ocrx_word' id='word_1_243' title='bbox 959 3399 1064 3466; x_wconf 85' lang='lat' dir='ltr'><strong>codex</strong></span> <span class='ocrx_word' id='word_1_244' title='bbox 1086 3404 1122 3482; x_wconf 92' lang='grc' dir='ltr'><strong>Γ,</strong></span> <span class='ocrx_word' id='word_1_245' title='bbox 1145 3401 1200 3483; x_wconf 91' lang='lat' dir='ltr'><strong>qui</strong></span> <span class='ocrx_word' id='word_1_246' title='bbox 1223 3408 1331 3486; x_wconf 90' lang='lat' dir='ltr'><strong>partes</strong></span> <span class='ocrx_word' id='word_1_247' title='bbox 1349 3403 1480 3486; x_wconf 90' lang='lat' dir='ltr'><strong>quidem</strong></span> 
     </span>
     <span class='ocr_line' id='line_1_31' title="bbox 326 3499 1482 3586; baseline 0.006 -21"><span class='ocrx_word' id='word_1_248' title='bbox 326 3519 367 3565; x_wconf 87' lang='lat' dir='ltr'><strong>ex</strong></span> <span class='ocrx_word' id='word_1_249' title='bbox 398 3500 595 3566; x_wconf 86' lang='lat' dir='ltr'><strong>orationibus</strong></span> <span class='ocrx_word' id='word_1_250' title='bbox 624 3499 678 3564; x_wconf 89' lang='lat' dir='ltr'><strong>IV.</strong></span> <span class='ocrx_word' id='word_1_251' title='bbox 702 3500 787 3566; x_wconf 94' lang='lat' dir='ltr'><strong>Vlll.</strong></span> <span class='ocrx_word' id='word_1_252' title='bbox 810 3501 851 3565; x_wconf 91' lang='lat' dir='ltr'><strong>ll.</strong></span> <span class='ocrx_word' id='word_1_253' title='bbox 875 3502 1081 3586; x_wconf 90' lang='lat' dir='ltr'><strong>depromptas</strong></span> <span class='ocrx_word' id='word_1_254' title='bbox 1110 3503 1222 3585; x_wconf 86' lang='lat' dir='ltr'><strong>primis</strong></span> <span class='ocrx_word' id='word_1_255' title='bbox 1258 3510 1380 3572; x_wconf 88' lang='lat' dir='ltr'><strong>tantum</strong></span> <span class='ocrx_word' id='word_1_256' title='bbox 1410 3508 1482 3572; x_wconf 91' lang='lat' dir='ltr'><strong>ulti·</strong></span> 
     </span>
     <span class='ocr_line' id='line_1_32' title="bbox 324 3602 1483 3690; baseline 0.008 -24"><span class='ocrx_word' id='word_1_257' title='bbox 324 3603 451 3683; x_wconf 85' lang='lat' dir='ltr'><strong>misque</strong></span> <span class='ocrx_word' id='word_1_258' title='bbox 485 3603 592 3669; x_wconf 90' lang='lat' dir='ltr'><strong>verbis</strong></span> <span class='ocrx_word' id='word_1_259' title='bbox 626 3602 783 3686; x_wconf 81' lang='lat' dir='ltr'><strong>designet,</strong></span> <span class='ocrx_word' id='word_1_260' title='bbox 817 3606 969 3671; x_wconf 91' lang='lat' dir='ltr'><strong>orationis</strong></span> <span class='ocrx_word' id='word_1_261' title='bbox 1002 3612 1134 3682; x_wconf 85' lang='lat' dir='ltr'><strong>„contra</strong></span> <span class='ocrx_word' id='word_1_262' title='bbox 1165 3606 1347 3690; x_wconf 86' lang='lat' dir='ltr'><strong>sophistas“</strong></span> <span class='ocrx_word' id='word_1_263' title='bbox 1382 3611 1483 3675; x_wconf 90' lang='lat' dir='ltr'><strong>verba</strong></span> 
     </span>
    </p>
   </div>
   <div class='ocr_carea' id='block_1_3' title="bbox 326 3784 1481 4027">
    <p class='ocr_par' dir='ltr' id='par_1_5' title="bbox 326 3784 1481 4027">
     <span class='ocr_line' id='line_1_33' title="bbox 413 3784 1151 3858; baseline 0.008 -20"><span class='ocrx_word' id='word_1_264' title='bbox 413 3791 436 3852; x_wconf 90' lang='lat' dir='ltr'><strong>l)</strong></span> <span class='ocrx_word' id='word_1_265' title='bbox 454 3784 489 3839; x_wconf 86' lang='lat' dir='ltr'><strong>ci.</strong></span> <span class='ocrx_word' id='word_1_266' title='bbox 508 3787 656 3841; x_wconf 78' lang='lat' dir='ltr'><strong>Blossium:</strong></span> <span class='ocrx_word' id='word_1_267' title='bbox 675 3789 732 3842; x_wconf 88' lang='lat' dir='ltr'><strong>Att.</strong></span> <span class='ocrx_word' id='word_1_268' title='bbox 750 3788 860 3843; x_wconf 88' lang='lat' dir='ltr'><strong>Bereds.</strong></span> <span class='ocrx_word' id='word_1_269' title='bbox 879 3789 960 3858; x_wconf 72' lang='lat'><em>11²1).</em></span> <span class='ocrx_word' id='word_1_270' title='bbox 980 3794 1029 3844; x_wconf 78' lang='lat'><strong>219</strong></span> <span class='ocrx_word' id='word_1_271' title='bbox 1047 3793 1075 3844; x_wconf 86' lang='lat' dir='ltr'><strong>et</strong></span> <span class='ocrx_word' id='word_1_272' title='bbox 1094 3793 1151 3844; x_wconf 79' lang='lat'><strong>225.</strong></span> 
     </span>
     <span class='ocr_line' id='line_1_34' title="bbox 410 3871 1481 3937; baseline 0.007 -13"><span class='ocrx_word' id='word_1_273' title='bbox 410 3875 436 3937; x_wconf 79' lang='lat'><strong>2)</strong></span> <span class='ocrx_word' id='word_1_274' title='bbox 454 3871 511 3937; x_wconf 91' lang='lat' dir='ltr'><strong>„lst</strong></span> <span class='ocrx_word' id='word_1_275' title='bbox 520 3872 562 3926; x_wconf 90' lang='lat' dir='ltr'><strong>die</strong></span> <span class='ocrx_word' id='word_1_276' title='bbox 572 3871 645 3927; x_wconf 88' lang='lat' dir='ltr'>XVI.</span> <span class='ocrx_word' id='word_1_277' title='bbox 659 3873 715 3926; x_wconf 91' lang='lat' dir='ltr'><strong>und</strong></span> <span class='ocrx_word' id='word_1_278' title='bbox 727 3873 788 3928; x_wconf 90' lang='lat' dir='ltr'><strong>XX.</strong></span> <span class='ocrx_word' id='word_1_279' title='bbox 798 3874 874 3928; x_wconf 87' lang='lat' dir='ltr'><strong>Rede</strong></span> <span class='ocrx_word' id='word_1_280' title='bbox 886 3875 934 3929; x_wconf 88' lang='lat' dir='ltr'><strong>des</strong></span> <span class='ocrx_word' id='word_1_281' title='bbox 946 3875 1083 3930; x_wconf 84' lang='lat' dir='ltr'><strong>isocrates</strong></span> <span class='ocrx_word' id='word_1_282' title='bbox 1093 3877 1277 3930; x_wconf 83' lang='lat' dir='ltr'><strong>verstltmmelt</strong></span> <span class='ocrx_word' id='word_1_283' title='bbox 1288 3877 1481 3932; x_wconf 78' lang='lat' dir='ltr'><strong>uberliefert‘?“</strong></span> 
     </span>
     <span class='ocr_line' id='line_1_35' title="bbox 326 3956 774 4027; baseline 0.004 -17"><span class='ocrx_word' id='word_1_284' title='bbox 326 3957 435 4011; x_wconf 89' lang='lat' dir='ltr'><strong>Wiener</strong></span> <span class='ocrx_word' id='word_1_285' title='bbox 453 3956 566 4012; x_wconf 85' lang='lat' dir='ltr'><strong>Studien</strong></span> <span class='ocrx_word' id='word_1_286' title='bbox 584 3957 622 4012; x_wconf 83' lang='lat' dir='ltr'><strong>vl</strong></span> <span class='ocrx_word' id='word_1_287' title='bbox 639 3974 667 4027; x_wconf 92' lang='lat' dir='ltr'><strong>p.</strong></span> <span class='ocrx_word' id='word_1_288' title='bbox 687 3959 774 4026; x_wconf 79' lang='lat' dir='ltr'><strong>23l29.</strong></span> 
     </span>
    </p>
   </div>
   <div class='ocr_carea' id='block_1_4' title="bbox 410 4043 1324 4198">
    <p class='ocr_par' dir='ltr' id='par_1_6' title="bbox 410 4043 1324 4198">
     <span class='ocr_line' id='line_1_36' title="bbox 410 4043 1324 4116; baseline 0.008 -21"><span class='ocrx_word' id='word_1_289' title='bbox 410 4046 435 4110; x_wconf 88' lang='lat'><strong>3)</strong></span> <span class='ocrx_word' id='word_1_290' title='bbox 454 4043 549 4110; x_wconf 87' lang='lat' dir='ltr'><strong>Progr.</strong></span> <span class='ocrx_word' id='word_1_291' title='bbox 567 4059 688 4112; x_wconf 82' lang='lat' dir='ltr'><strong>gymnas.</strong></span> <span class='ocrx_word' id='word_1_292' title='bbox 707 4044 865 4114; x_wconf 87' lang='lat' dir='ltr'><strong>Leopoldst.</strong></span> <span class='ocrx_word' id='word_1_293' title='bbox 902 4046 1019 4101; x_wconf 88' lang='lat' dir='ltr'><strong>Vindob.</strong></span> <span class='ocrx_word' id='word_1_294' title='bbox 1039 4051 1114 4102; x_wconf 80' lang='lat'><strong>1880.</strong></span> <span class='ocrx_word' id='word_1_295' title='bbox 1149 4063 1177 4116; x_wconf 92' lang='lat' dir='ltr'><strong>p.</strong></span> <span class='ocrx_word' id='word_1_296' title='bbox 1198 4051 1229 4100; x_wconf 79' lang='lat'><strong>27</strong></span> <span class='ocrx_word' id='word_1_297' title='bbox 1249 4062 1324 4116; x_wconf 88' lang='lat' dir='ltr'><strong>sequ.</strong></span> 
     </span>
     <span class='ocr_line' id='line_1_37' title="bbox 411 4128 1160 4198; baseline 0.003 -17"><span class='ocrx_word' id='word_1_298' title='bbox 411 4132 436 4194; x_wconf 84' lang='lat' dir='ltr'><strong>l)</strong></span> <span class='ocrx_word' id='word_1_299' title='bbox 456 4129 491 4182; x_wconf 91' lang='lat' dir='ltr'><strong>cl.</strong></span> <span class='ocrx_word' id='word_1_300' title='bbox 511 4128 662 4182; x_wconf 86' lang='lat' dir='ltr'><strong>Blassium:</strong></span> <span class='ocrx_word' id='word_1_301' title='bbox 681 4129 738 4183; x_wconf 79' lang='lat' dir='ltr'><strong>nrt.</strong></span> <span class='ocrx_word' id='word_1_302' title='bbox 758 4130 869 4184; x_wconf 88' lang='lat' dir='ltr'><strong>Bereds.</strong></span> <span class='ocrx_word' id='word_1_303' title='bbox 889 4130 1038 4198; x_wconf 83' lang='lat' dir='ltr'><strong>11²p.311</strong></span> <span class='ocrx_word' id='word_1_304' title='bbox 1061 4137 1117 4186; x_wconf 93' lang='lat' dir='ltr'><strong>not.</strong></span> <span class='ocrx_word' id='word_1_305' title='bbox 1137 4137 1160 4184; x_wconf 69' lang='lat' dir='ltr'><strong>a.</strong></span> 
     </span>
    </p>
   </div>
   <div class='ocr_carea' id='block_1_5' title="bbox 0 0 1640 4968">
    <p class='ocr_par' dir='ltr' id='par_1_7' title="bbox 0 0 1640 4968">
     <span class='ocr_line' id='line_1_38' title="bbox 0 0 1640 4968; baseline 0 0"><span class='ocrx_word' id='word_1_306' title='bbox 0 0 1640 4968; x_wconf 95' lang='lat' dir='ltr'><strong> </strong></span> 
     </span>
    </p>
   </div>
  </div>
 </body>
</html>
