3318 4970
502 401 544 456 De
561 401 665 472 legione
682 401 865 459 Romanorum
882 402 904 459 I.
922 401 1070 460 Adiutrice.
1338 405 1358 480 9,

206 580 309 641 morat
337 581 448 641 auctor
479 580 607 658 praeter
636 575 796 658 legionem
826 575 1019 658 Hispanam,
1048 574 1082 640 id
1111 581 1161 642 est
1188 577 1358 660 septimam

206 676 415 759 Galbianam,
446 675 543 740 etiam
573 676 725 755 alteram,
755 696 849 759 quam
880 676 959 742 dicit
988 678 1021 742 in
1051 677 1128 744 urbe
1157 679 1256 746 etiam
1284 686 1358 764 post

207 777 331 845 Galbae
352 777 527 843 adveutum
543 779 745 844 remansisse.
782 778 849 846 Sub
872 779 977 862 ipsum
1000 779 1097 862 igitur
1112 779 1237 847 Galbae
1260 783 1356 850 intro·

204 881 284 946 itum
313 881 435 946 Romae
466 886 556 944 eraut
584 876 668 946 duae
697 881 850 962 legiones.
895 879 962 946 Sed
990 901 1053 947 non
1081 882 1126 946 ita
1155 883 1254 949 multo
1283 890 1357 968 post

205 981 332 1049 Othone
346 1000 479 1064 regnum
491 986 674 1065 appetente,
690 982 723 1047 in
738 982 817 1048 urbe
832 1002 927 1048 unam
944 989 1065 1048 tantum
1077 984 1237 1067 legionem
1252 991 1357 1051 castra

205 1082 356 1151 habuisse
385 1103 427 1150 ex
455 1083 560 1166 eapite
576 1083 614 1146 31
645 1081 756 1148 libriI
785 1081 989 1150 historiarum
1018 1092 1169 1170 apparet3
1205 1085 1356 1170 idemque

204 1186 335 1252 Tacitus
358 1187 391 1250 in
413 1185 518 1269 capite
535 1189 575 1247 44
605 1185 702 1250 utitur
725 1183 775 1250 bis
798 1185 921 1252 verbis:
942 1183 1103 1269 ‘praelixa
1124 1189 1225 1254 contis
1248 1190 1357 1274 capita

204 1288 412 1370 gestabantur
439 1288 522 1353 inter
551 1289 645 1370 signa
678 1285 857 1352 cohortium
894 1287 985 1352 iuxta
1012 1289 1154 1370 aquilam
1190 1281 1354 1374 legionis'.

205 1391 298 1459 Unde
321 1388 456 1456 eflicitur
483 1395 558 1456 ante
587 1388 673 1455 diem
702 1388 998 1456 duodevicesimam
1021 1391 1094 1456 Kal.
1117 1391 1210 1457 Febr.
1226 1399 1261 1475 ¹),
1292 1413 1355 1476 quo

203 1494 257 1560 die
280 1493 385 1560 Galba
406 1493 491 1558 ferro
520 1493 602 1558 ictus
625 1493 736 1576 periit,
767 1492 901 1556 alteram
931 1511 1041 1558 earum
1070 1494 1250 1578 legionum,
1274 1515 1354 1578 quas

203 1596 334 1662 Tacitus
357 1596 479 1660 Romae
502 1595 695 1660 remansisse
718 1592 814 1675 dicat,
837 1593 951 1660 Italiae
974 1591 1089 1662 linibus
1112 1597 1257 1664 cessisse.
1299 1599 1354 1664 At-

202 1720 264 1783 que
287 1718 322 1764 re
344 1717 421 1764 vera
442 1697 603 1779 legionem
618 1695 688 1760 Vll.
705 1693 812 1762 medio
836 1715 945 1762 mense
968 1696 1117 1764 Ianuario
1140 1697 1172 1762 in
1188 1697 1355 1766 Pannonia

202 1819 266 1866 una
288 1820 360 1867 cum
382 1799 483 1864 tribus
505 1798 578 1864 aliis
608 1797 789 1880 legionibus
800 1800 824 1874 ²)
847 1791 1031 1863 tendentem
1055 1799 1246 1866 invenimus.
1291 1801 1354 1868 Itu·

202 1921 263 1985 que
286 1921 350 1967 non
373 1900 442 1967 sine
465 1901 610 1967 veritatis
626 1898 766 1983 quadam
788 1900 897 1983 specie
918 1901 1065 1966 conicere
1085 1901 1170 1985 licet,
1193 1903 1355 1987 legionem

202 2003 270 2069 Vll.
313 2003 378 2069 iam
400 2003 497 2086 paulo
520 2007 593 2084 post
615 1999 740 2066 Galbae
768 2001 931 2068 introitum
954 2002 1032 2068 urbe
1054 2003 1213 2086 Italiaque
1241 2005 1354 2072 relicta

201 2107 234 2171 in
256 2106 420 2190 Illyricum
432 2105 455 2182 3)
478 2103 676 2187 provinciam
700 2121 771 2169 esse
795 2106 991 2170 translatam.

288 2205 383 2286 Quod
398 2207 425 2274 si
440 2209 527 2272 recte
543 2211 591 2272 est
606 2204 868 2288 demonstratum,
883 2207 1037 2290 sequitur,
1054 2213 1088 2273 ut
1103 2227 1144 2274 ex
1160 2209 1351 2293 legionibus,

202 2329 284 2393 quae
306 2308 394 2392 apud
416 2309 564 2374 Tacitum
587 2308 678 2373 initio
702 2305 904 2375 historiarum
927 2315 1122 2376 memoratae
1145 2317 1227 2392 sunt,
1250 2313 1354 2378 altera

201 2413 271 2478 sola
292 2410 411 2478 diutius
433 2413 466 2475 in
495 2411 574 2476 urbe
602 2410 790 2475 remanserit
815 2429 915 2493 usque
945 2409 986 2475 ad
1010 2410 1135 2478 Galbae
1163 2419 1298 2479 mortem
1321 2420 1353 2480 et

201 2515 299 2596 ultra3
323 2522 355 2579 et
375 2513 444 2579 siue
461 2512 570 2594 dubio,
594 2512 622 2578 si
645 2510 722 2593 quid
742 2517 851 2576 narrat
864 2512 995 2578 Tacitus
1018 2512 1059 2577 de
1074 2514 1202 2594 legione
1218 2515 1251 2578 in
1273 2516 1352 2582 urbe

201 2615 361 2698 tendente,
377 2613 538 2696 quomodo
553 2613 648 2679 rebus
664 2631 722 2695 per
738 2611 798 2678 hoc
820 2614 959 2695 spatium
974 2616 1127 2697 temporis
1142 2617 1241 2699 gestis
1257 2617 1352 2683 inter·

202 2717 312 2798 luerit,
341 2733 466 2799 semper
495 2714 629 2781 eandem
658 2714 817 2796 legionem
849 2714 943 2797 dicit,
973 2737 1086 2801 quam,
1110 2724 1144 2784 ut
1166 2719 1236 2802 ipse
1259 2719 1350 2786 initio

200 2819 427 2904 pronuntiavit,
450 2817 587 2883 colasse
603 2816 689 2882 Nero
706 2817 946 2900 conscripserat.
985 2819 1077 2884 Hanc
1096 2838 1174 2886 vero
1191 2820 1351 2904 legionem

200 2921 405 2988 celassiariis
421 2919 547 3000 lectam,
570 2924 740 3003 postquam
762 2919 795 2984 in
818 2920 923 3003 eapite
940 2923 977 2984 31
1000 2913 1123 3003 ‘legio
1147 2916 1350 3007 classioa',

199 3024 232 3088 in
255 3023 362 3106 capite
385 3023 425 3086 36
445 3013 727 3087 ‘classicorum
751 3012 877 3104 legio'
904 3023 1068 3106 appellata
1084 3029 1141 3107 est,
1158 3025 1255 3108 paulo
1278 3031 1351 3109 post

198 3124 366 3202 Tacitusll
390 3123 460 3206 ipse
480 3115 705 3204 ‘legionem
737 3114 916 3208 primam’
949 3131 1043 3190 vocat
1071 3131 1167 3208 atque
1198 3127 1294 3192 etiam
1317 3128 1350 3192 in

198 3225 303 3308 capite
323 3227 363 3290 43
379 3225 453 3289 libri
470 3223 502 3288 ll
517 3222 720 3290 historiarum
739 3216 921 3308 ‘primam
943 3219 1222 3293 Adiutricem'.
1261 3227 1348 3294 Glae-

197 3327 297 3393 sicam
327 3327 423 3409 igitur
450 3325 610 3409 legionem
644 3327 743 3392 luisse
778 3329 915 3410 primam
943 3327 1143 3394 Adiutricem
1172 3329 1349 3396 certissime

197 3427 350 3494 affirmari
372 3433 488 3511 potest,
514 3429 701 3510 praesertim
725 3449 796 3494 cum
818 3437 946 3514 praeter
969 3430 1056 3496 locos
1079 3428 1175 3496 modo
1199 3430 1347 3498 laudatos

197 3533 294 3599 etiam
317 3531 382 3597 alio
399 3530 504 3596 Taciti
520 3531 701 3596 testimonio
714 3532 917 3598 adiuvamur.
955 3531 1005 3596 An
1021 3531 1190 3615 quisquam
1214 3534 1348 3616 dubitat,

284 3747 308 3816 t)
327 3745 414 3802 Tacit.
434 3747 495 3802 hist.
513 3748 582 3804 127.

282 3835 307 3898 lt
325 3831 413 3887 Tacit.
432 3831 495 3887 hist.
515 3832 541 3886 ll
558 3838 600 3900 tl;
619 3833 646 3887 11
658 3837 699 3888 ct.

283 3922 308 3984 3)
327 3916 368 3972 lbi
385 3917 501 3972 tetendit
518 3919 598 3972 etiam
615 3918 691 3972 initio
710 3919 807 3974 aetatis
826 3919 984 3986 Flavianum
1003 3919 1039 3973 ab
1058 3933 1089 3973 eo
1108 3925 1199 3974 autem
1217 3921 1348 3989 tempore,

195 4018 248 4070 quo
266 4006 372 4072 partem
389 4003 561 4070 reliquiarum
579 4003 713 4072 legionum
731 4003 927 4073 aVespasiano
941 4011 1177 4060 exauctoratarum
1195 4011 1348 4074 exceperat,

195 4103 344 4158 cognomen
362 4088 387 4142 ei
405 4093 465 4142 erat
479 4081 625 4144 ‘Gemiuu’.

281 4179 306 4239 4)
324 4173 387 4228 hist.
406 4173 486 4228 1111.
506 4177 546 4228 23.
565 4177 605 4228 24.
