3318 4970
315 386 357 444 64
740 384 880 452 Augustus
897 382 1051 438 Junemann

318 557 404 642 quod
437 557 611 624 Antonium
644 561 774 623 secutae
808 562 930 638 essent,
968 561 1079 623 contra
1114 556 1224 625 hostes
1256 557 1370 622 ductas
1403 575 1474 622 esse

317 680 415 744 supra
447 660 625 743 statuimus,
659 659 703 725 ad
735 658 769 725 id
801 664 927 742 tempus
955 658 989 722 in
1018 657 1130 726 castris
1159 657 1473 742 Mogontiacensihns

317 762 453 827 fuerant.
485 760 627 839 Quarum
649 761 683 826 in
704 761 811 827 locum
833 760 994 842 legionem
1016 761 1042 826 Ι.
1057 760 1258 827 Adiutricem
1280 761 1474 828 successisse

318 869 350 928 et
383 861 445 928 hac
472 864 545 946 ipsa
572 861 807 928 deliberatione
836 861 972 928 eflicitur
1002 869 1034 928 et
1062 863 1237 930 certissime
1260 863 1473 928 monumentis

316 965 454 1048 legionis
476 965 672 1048 Mogontiaci
693 965 829 1050 repertis
852 964 1085 1046 comprobatur.

402 1067 550 1150 Namque
564 1067 703 1150 primum
718 1066 807 1149 cippi
821 1067 959 1131 militum
974 1066 1179 1151 sepulcrales,
1203 1068 1259 1150 qni
1273 1067 1328 1133 vel
1343 1069 1474 1135 maximi

316 1169 471 1234 momenti
504 1174 578 1235 sunt
609 1167 654 1233 ad
686 1167 914 1253 deliniendum,
949 1187 1032 1252 quae
1065 1174 1172 1234 castra
1204 1187 1352 1252 quaeque
1386 1172 1472 1255 legio

317 1269 475 1352 babuerit,
497 1269 540 1336 ad
563 1289 660 1335 unum
683 1289 793 1336 omnes
816 1307 859 1317 -
881 1277 954 1338 sunt
974 1277 1083 1336 autem
1105 1269 1277 1336 duodecim
1288 1274 1309 1346 ¹)
1327 1307 1367 1316 -
1383 1275 1474 1339 item·

316 1391 379 1456 que
412 1373 588 1456 pleraeque
621 1369 786 1455 tegulael)
815 1371 1012 1454 Mogontiaci
1040 1377 1177 1439 exstant.
1222 1372 1350 1440 Deinde
1383 1375 1474 1440 nulla

315 1474 402 1556 legio
432 1479 479 1539 tot
501 1473 628 1556 lapides
651 1473 865 1539 centuriarum
889 1475 974 1540 notis
996 1473 1139 1557 signatos
1161 1474 1208 1539 ibi
1229 1475 1371 1559 reliquit,
1394 1483 1473 1558 quot

315 1575 402 1658 legio
431 1575 456 1640 I.
486 1575 653 1658 Adiutrix,
684 1595 800 1658 nempe
828 1575 984 1654 ueremi)
1028 1576 1201 1642 Praeterea
1234 1596 1316 1644 unus
1344 1597 1473 1662 quoque

316 1677 427 1742 titulus
450 1696 543 1742 sacer
563 1697 665 1760 nuper
688 1677 824 1744 effossus
846 1679 933 1754 este)

402 1776 672 1861 Quandoquidem
700 1785 808 1846 autem
830 1780 992 1862 legionem
1020 1781 1096 1849 inde
1125 1782 1167 1848 ab
1189 1803 1273 1848 anno
1297 1784 1348 1847 89.
1371 1800 1474 1864 nsque

315 1878 360 1944 ad
381 1879 508 1944 initium
530 1882 651 1948 saeculi
674 1881 807 1948 secundi
829 1883 863 1946 in
885 1883 1059 1948 Germania
1081 1883 1257 1950 tetendisse
1280 1889 1413 1967 constat,
1436 1889 1473 1949 ut

315 1981 417 2048 titulis
441 1983 655 2049 centuriarum
678 1984 879 2067 legionisque
902 1985 1065 2051 laterculis
1096 2004 1167 2051 eam
1195 1986 1313 2052 multos
1341 1987 1471 2052 labores

315 2091 348 2150 et
370 2103 469 2150 onera
491 2085 616 2152 subisse
632 2086 801 2168 evincitur,
824 2087 871 2152 ita
886 2087 989 2170 cippis
1005 2087 1208 2170 potissimum
1223 2088 1469 2171 sepulcraliter,

314 2186 371 2269 qui
392 2186 481 2251 nullo
504 2188 570 2253 alio
592 2187 665 2254 loco
688 2194 825 2270 exstant,
851 2207 922 2254 eam
940 2207 999 2272 per
1014 2193 1115 2254 totum
1130 2196 1256 2273 tempus
1272 2190 1470 2274 Mogontiaci

315 2294 421 2354 castra
444 2289 563 2354 stativa
586 2287 737 2356 habuisse
759 2289 1004 2356 demonstratur.

401 2390 492 2488 Inde,
524 2397 559 2457 ut
587 2411 686 2475 opera
707 2393 819 2475 aliqua
841 2399 1050 2474 exstruerent,
1073 2392 1136 2458 huc
1159 2393 1212 2458 vel
1233 2393 1312 2460 illuc
1333 2393 1471 2476 legionis

315 2493 454 2559 maiores
477 2495 532 2559 vel
553 2493 692 2560 minores
714 2501 822 2578 partes
838 2495 953 2561 missas
975 2513 1046 2561 esse
1066 2495 1204 2579 probant
1225 2497 1364 2578 tegulae,
1387 2516 1472 2579 quac

315 2615 388 2661 cum
410 2596 562 2661 Treveris
586 2603 618 2662 et
632 2597 790 2662 Tabernis
812 2602 878 2662 tum
901 2598 934 2662 in
957 2595 1072 2663 dextra
1093 2599 1165 2682 ripa
1186 2597 1292 2664 Rheni
1314 2599 1472 2682 plurimae

315 2702 458 2762 exstant:
485 2697 635 2778 Kastelli,
658 2697 701 2762 ad
724 2699 831 2764 vicum
848 2695 1092 2771 Hedderabcim,
1115 2701 1218 2783 Aquis
1233 2700 1403 2784 Mattiacis,
1426 2700 1471 2767 ad

315 2799 421 2864 vicum
457 2795 652 2870 Gerusbcim,
688 2801 871 2882 nuperrime
905 2800 1042 2868 effossae
1075 2804 1109 2867 in
1142 2803 1215 2870 vico
1249 2801 1338 2866 Nicd
1367 2823 1469 2886 prope

315 2900 473 2984 oppidum
496 2895 620 2960 Hoetu
640 2899 682 2966 ad
705 2901 855 2968 Moenum
876 2901 995 2969 flumen
1017 2905 1151 2980 situm.⁵)

316 3089 520 3098 Ι,---.------

401 3207 425 3270 ι)
442 3219 469 3257 n.
489 3205 598 3265 ao-oo,
617 3205 658 3256 aa.

399 3287 584 3354 namu

401 3378 426 3440 3)
444 3389 472 3429 n.
485 3379 528 3427 45.
547 3403 580 3412 —
597 3373 674 3426 Haec
692 3387 760 3427 saxa
777 3373 910 3442 quadrata
926 3377 1022 3442 postea
1039 3373 1075 3428 ad
1091 3374 1197 3429 moenia
1215 3375 1290 3429 urbis
1303 3375 1469 3444 Mogontiaci

312 3457 482 3512 aedificanda
499 3463 631 3526 usurpata
649 3462 713 3512 sunt
724 3457 816 3526 ibique
827 3460 891 3512 ante
903 3457 1083 3528 qnadraginta
1094 3473 1182 3515 annos
1194 3461 1275 3513 etiarn
1288 3461 1469 3516 cernebantur

313 3541 358 3609 (cl.
379 3543 468 3608 Klein,
482 3533 570 3599 ‘Uber
587 3544 631 3599 die
649 3543 796 3611 Legionen,
820 3542 921 3597 welche
944 3544 973 3596 in
991 3543 1219 3612 Obcrgermanien
1240 3539 1372 3612 standen',
1396 3563 1469 3616 prgr.

313 3643 403 3696 gymn.
416 3627 538 3696 Mogont.
554 3632 619 3684 1853
632 3645 659 3698 p.
673 3633 738 3697 21.);
757 3643 830 3682 nunc
841 3629 948 3696 quidem
960 3628 988 3682 in
1006 3642 1100 3683 musco
1118 3629 1333 3697 Mogontiacensi
1351 3635 1470 3688 exstant.

313 3711 392 3780 Quod
415 3716 507 3767 autem
529 3718 622 3768 tantus
648 3729 776 3769 numerus
799 3713 934 3782 lapidum,
962 3713 1060 3783 quibus
1087 3714 1254 3783 singulorum
1281 3716 1470 3770 centurionum

313 3798 424 3853 nomina
449 3799 586 3867 insculpta
612 3801 689 3864 sunt,
716 3798 883 3866 Mogontiaci
908 3804 1032 3868 repertus
1058 3805 1114 3867 est,
1141 3803 1169 3854 et
1195 3799 1320 3856 aedificia
1342 3801 1470 3856 militaria

313 3883 427 3937 militum
445 3883 570 3938 manibus
589 3887 730 3938 exstructa
747 3899 807 3939 esse
825 3888 852 3938 et
869 3883 940 3938 hanc
957 3883 1089 3953 legionem
1106 3885 1142 3940 ad
1159 3884 1245 3940 multa
1256 3901 1369 3942 munera
1387 3887 1471 3942 susti·

313 3967 402 4022 nenda
419 3967 570 4024 adhibitam
588 3983 648 4024 esse
666 3970 868 4038 comprobatur.

398 4057 424 4120 4)
443 4070 469 4107 n.
487 4057 530 4108 41.

400 4143 425 4205 5)
443 4138 479 4194 cf.
498 4155 525 4194 n.
543 4143 577 4193 46
594 4139 607 4192 l
626 4141 654 4194 et
670 4137 704 4205 V,
723 4139 770 4206 ΙΙΙ,
788 4140 835 4206 IV,
852 4139 899 4206 Vl,
918 4139 977 4196 Vll.
