3134 4986
318 405 380 470 872
768 405 893 474 Edgarns
910 404 1026 460 Martini

318 599 477 650 moneam.
510 578 592 646 Cum
605 578 703 661 igitur
718 577 872 644 Geminus
887 596 951 642 non
967 577 1084 642 librnm
1099 576 1268 644 Posidonii
1281 570 1346 644 ‘De
1362 582 1480 643 meteo-

318 681 377 748 ris’
403 681 568 760 enarrarit,
590 679 758 745 videamus
781 699 856 744 num
878 679 920 746 de
935 679 1039 744 altera
1053 679 1212 760 scriptura
1227 680 1372 762 cogitare
1386 679 1482 744 liceat

319 801 385 866 qna
406 781 598 848 Posidonius
626 780 668 845 de
697 781 793 847 rebus
816 781 1075 862 meteorologicis
1098 781 1174 864 egit,
1197 779 1271 846 dico
1292 773 1481 846 ‘Elementa

319 874 598 966 meteorologica’.
631 882 738 966 Atque
761 901 840 948 saue
862 882 964 948 multa
979 891 1052 948 sunt
1066 902 1150 966 quae
1166 901 1226 948 nos
1241 882 1283 948 ad
1300 881 1364 948 hoc
1380 882 1483 968 pbilo-

320 984 416 1069 sophi
440 983 559 1050 Rhodii
590 985 779 1067 opusculum
808 992 933 1050 vocent.
978 985 1027 1050 Ac
1054 985 1193 1068 primurn
1216 983 1348 1067 quidem
1373 985 1483 1068 paullo

320 1087 556 1171 generaliorem
572 1105 752 1169 proponere
768 1086 865 1150 liceat
878 1084 1157 1152 deliberationem
1191 1083 1316 1162 Quodsi
1327 1087 1485 1152 ambitum

320 1195 354 1256 et
369 1189 511 1254 indolem
525 1188 599 1253 libri
612 1181 676 1254 ‘De
691 1181 856 1252 meteoris'
879 1195 1070 1270 spectamus,
1087 1207 1150 1253 non
1165 1188 1212 1252 ita
1223 1187 1321 1254 valde
1332 1187 1486 1253 idoneum

321 1311 394 1358 eum
416 1290 515 1356 fuisse
539 1290 686 1356 videmus
709 1289 764 1373 qui
788 1291 1027 1356 commentariis
1048 1291 1267 1354 instrueretur.
1308 1288 1486 1356 Constabat

322 1393 408 1459 euim
437 1391 605 1458 minimum
627 1391 688 1455 VII
710 1391 801 1456 libris
823 1391 874 1467 (cf.
899 1391 955 1456 La.
978 1391 1074 1473 Diog.
1097 1392 1119 1456 l.
1143 1390 1204 1454 Vll
1229 1393 1302 1466 144)
1324 1391 1359 1455 in
1383 1409 1487 1472 eoque

321 1512 381 1578 pro
404 1494 474 1558 cius
496 1492 619 1558 ambitu
642 1493 789 1574 singulae
811 1492 853 1558 de
872 1493 968 1558 rebus
984 1493 1178 1558 caelestibus
1195 1493 1405 1574 quaestiones
1421 1491 1487 1557 fuse

323 1601 355 1661 et
384 1593 545 1661 subtiliter
575 1595 744 1678 expositae
774 1602 806 1660 et
834 1613 991 1662 excussae
1015 1601 1114 1660 erant.
1159 1594 1250 1660 Talis
1271 1602 1383 1660 autem
1407 1594 1487 1658 liber

323 1696 379 1780 qni
402 1715 454 1762 res
476 1695 518 1762 ob
541 1714 621 1778 quas
644 1695 843 1780 disceptatur
865 1715 1014 1779 quaeque
1036 1697 1069 1762 iu
1092 1697 1295 1762 contentione
1319 1702 1395 1760 sunt
1418 1694 1486 1760 dili·

323 1799 412 1883 genti
434 1807 467 1862 et
488 1795 644 1864 adcurate
658 1798 853 1864 scrutatione
868 1805 1080 1881 persequatur
1094 1805 1192 1881 atquc
1207 1797 1290 1862 adeo
1307 1796 1486 1877 exhauriat,

323 1900 399 1966 talis
422 1899 553 1982 inquam
577 1898 660 1962 liber
682 1899 783 1965 multo
799 1899 962 1964 minusad
979 1898 1258 1964 commentandum
1275 1899 1395 1963 invitat
1411 1899 1486 1962 mul·

324 2005 422 2082 toque
451 2001 581 2066 omnino
610 2000 766 2066 minorem
792 2007 825 2066 et
847 2001 1035 2082 explicandi
1058 2007 1091 2066 et
1112 2000 1299 2085 disputandi
1322 2001 1488 2066 materiem

324 2102 460 2186 praebet
475 2120 571 2183 qnam
584 2101 811 2183 compendium
825 2122 888 2184 quo
902 2103 1063 2185 principia
1074 2102 1321 2184 rudimentaque
1333 2103 1488 2168 scientiae

324 2204 463 2270 alicuius
478 2204 588 2270 stricta
604 2203 749 2270 oratione
764 2211 996 2287 proponuntur.
1026 2203 1120 2283 Quod
1137 2224 1200 2288 quo
1217 2206 1285 2269 iure
1300 2202 1489 2269 adseramua

325 2307 502 2388 perspiciet
524 2306 670 2390 quisquis
691 2313 844 2388 quantam
867 2307 984 2372 unbem
1009 2307 1309 2372 commentariorum
1333 2305 1490 2370 breviculi

324 2406 477 2490 Dionysii
507 2407 659 2492 Thracis,
689 2405 919 2490 Hermogenis,
949 2407 1217 2493 Hephaestionis,
1246 2409 1388 2473 aliorum
1420 2407 1490 2470 libri

326 2507 536 2576 confleverint
568 2507 755 2575 recordatus
788 2511 869 2574 erit..
910 2509 1008 2576 Hisce
1042 2519 1150 2576 autem
1179 2509 1301 2574 libellis
1329 2511 1433 2591 plane
1461 2509 1490 2572 in

312 2630 432 2694 ›aequo
455 2611 606 2695 ponenda
627 2618 701 2676 sunt
716 2610 884 2676 Posidonii
896 2603 1079 2678 ‘Elementa
1093 2607 1376 2692 meteorologica'.
1410 2611 1491 2675 Hinc

327 2713 455 2778 etiamsi
488 2713 573 2778 aliae
606 2713 747 2778 rationes
781 2712 949 2793 deessent,
983 2713 1082 2778 breve
1113 2714 1192 2780 artis
1220 2713 1491 2794 meteorologicae

327 2813 541 2880 enchiridium
563 2835 584 2878 a
599 2813 735 2879 Gemino
758 2815 989 2880 commentario
1012 2815 1221 2898 explanatum
1243 2835 1341 2898 quam
1358 2813 1490 2880 diffusas

328 2915 563 2998 disputationes
588 2907 681 2997 ‘rocol
710 2907 900 2998 paracdqoo'
933 2917 1034 2981 multo
1063 2918 1132 2981 veri
1161 2917 1298 2983 similius
1328 2935 1404 2982 esse
1436 2935 1490 2998 ego

328 3017 480 3100 equidem
509 3023 677 3084 autumare
706 3016 959 3100 haudquaquam
986 3038 1148 3099 gravarer.
1193 3017 1315 3082 Verum
1342 3019 1391 3082 uil
1416 3037 1491 3100 opus

328 3126 378 3186 est
392 3120 425 3184 in
437 3119 630 3184 coniecturis
642 3120 775 3201 versari,
787 3140 859 3184 cunr
871 3119 1098 3186 Geminianum
1111 3109 1362 3186 ‘commentum'
1380 3137 1493 3202 reapse

327 3220 372 3286 ad
394 3219 561 3286 Posidonii
589 3214 839 3304 ‘Compendium
862 3215 1163 3304 meteorologicum'
1188 3222 1384 3306 pertinuisse
1411 3228 1494 3288 certo

328 3323 532 3406 comprobari
554 3323 666 3405 possit.

418 3423 566 3489 Vidimus
588 3443 687 3507 supra
708 3423 881 3490 aGemino
903 3424 1021 3490 librum
1042 3425 1185 3508 aliquem
1207 3422 1398 3508 philosophi
1415 3427 1500 3508 Apa·

329 3528 394 3592 mei
428 3527 626 3608 explicatum
659 3544 731 3592 esse
760 3526 815 3608 qui
845 3533 877 3592 et
906 3527 1061 3592 caelestia
1090 3533 1123 3592 et
1151 3526 1303 3591 sublimia
1332 3533 1498 3594 tractamt

329 3627 417 3705 Quid
445 3619 635 3693 ‘Elementa
656 3619 950 3709 meteorologica'?
986 3629 1101 3694 Nonne
1124 3627 1206 3694 haec
1222 3629 1378 3710 μετέωρα
1392 3647 1499 3712 aeque

331 3750 371 3798 ac
393 3725 560 3812 μετάρσια
578 3727 815 3812 respexerunt?
844 3728 993 3796 Profecto
1011 3729 1073 3796 hoc
1086 3729 1180 3796 nobis
1195 3729 1405 3796 statuendum
1422 3737 1499 3796 erat

331 3831 468 3898 Accedit
496 3832 600 3898 altera
630 3851 729 3898 causa
752 3849 856 3912 eaque
878 3833 1073 3912 gravissima
1095 3851 1178 3915 qnae
1200 3839 1235 3896 ut
1256 3829 1390 3896 Gemini
1415 3852 1498 3898 com·

331 3933 522 3998 monterium
537 3925 909 4018 ad‘Mereurpolcycaqn
931 3926 1156 4014 crotqetwuee'
1175 3933 1354 3999 referamus
1370 3934 1497 4000 suadet

329 4035 446 4100 Exstat
457 4035 542 4100 enim
554 4035 588 4099 in
598 4033 778 4100 Alexandri
789 4032 998 4117 Aphrodisiei
1010 4056 1124 4102 comm.
1136 4034 1179 4100 ad
1192 4023 1345 4100 Aristot‘
1355 4033 1492 4100 Meteon

330 4137 381 4214 (cl.
406 4134 457 4201 ed.
480 4134 599 4201 ldeleri
621 4137 685 4202 vol.
702 4137 734 4200 Il
756 4155 787 4218 p.
806 4137 879 4212 128)
903 4135 1175 4220 disputatiuncula
1197 4133 1326 4202 Gemini
1350 4135 1394 4202 de
1420 4155 1496 4202 areu
