3134 4986
489 352 668 422 quaestiones
685 350 890 406 Posidonianae.
1207 349 1270 410 379

112 529 179 594 cise
209 526 388 611 exponitur.
434 525 615 591 Prolixiora
644 530 711 589 tum
740 524 885 590 oratione
907 541 1041 587 munera
1062 524 1217 607 astrologi
1240 530 1273 590 et
1390 511 1392 516 ’

111 628 241 714 physici
270 629 353 693 inter
382 646 418 693 se
449 633 684 709 comparantur.
733 625 806 691 Hoc
834 624 1018 690 Geminiani
1051 626 1272 692 commentarii

111 731 281 797 frustulum
307 727 352 794 ad
373 747 545 811 quamnam
568 726 778 794 Posidoniani
800 726 875 792 libri
897 731 1022 809 partem
1045 726 1273 810 explicandam

110 832 324 915 perscriptum
344 829 443 896 fuerit
465 828 552 894 haud
575 828 707 895 difficile
731 835 780 896 est
798 828 900 895 dictu:
923 847 997 892 nam
1013 828 1057 894 ad
1071 830 1273 912 prooemium

110 931 195 998 illud
216 931 421 998 referendum
444 950 515 997 esse
537 937 760 1014 argumentum
783 937 954 998 tractatum
976 928 1054 996 satis
1076 931 1192 1013 arguit

197 1032 385 1099 Alexandro
400 1032 616 1116 Aphrodisicc
640 1041 674 1098 ut
688 1034 758 1117 ipse
774 1040 909 1099 testatur
923 1031 1111 1115 Simplicius
1125 1033 1272 1098 notitiam

111 1134 241 1214 Gemini
264 1133 371 1200 debet.
402 1132 579 1200 Videamus
600 1155 685 1201 nunc
706 1155 783 1202 num
804 1135 861 1201 ille
883 1135 954 1218 ipse
976 1133 1011 1197 in
1034 1135 1273 1201 commentariis

111 1239 179 1304 suis
191 1237 321 1304 Gemini
335 1235 529 1301 mentionem
545 1237 665 1302 iniciat.
699 1238 827 1303 Revera
841 1235 943 1302 semel
958 1233 1012 1300 trie
1029 1235 1071 1300 ab
1083 1235 1271 1302 Alexandro

113 1339 272 1405 excitatur
293 1339 327 1403 in
349 1338 578 1404 commentario
600 1337 645 1405 ad
666 1338 798 1405 Aristct.
819 1330 1014 1402 ‘Meteorol'
1038 1338 1059 1402 l.
1079 1337 1137 1402 Ill.
1160 1338 1225 1404 vol.
1241 1337 1274 1402 ΙΙ

112 1462 144 1526 p.
162 1444 223 1506 128
245 1440 362 1506 ideler.
407 1438 474 1505 Sed
496 1439 621 1521 integer
643 1440 733 1507 locus
756 1437 1004 1521 exscribendus,
1027 1459 1099 1505 cum
1122 1445 1207 1506 totus
1230 1440 1273 1505 ad

112 1542 283 1610 Geminum
306 1547 494 1607 revertatur.
533 1540 581 1607 01.
605 1563 636 1625 p.
661 1544 731 1623 127,
756 1546 793 1606 11
807 1560 893 1624 sqq:
921 1529 976 1604 ὅτι
999 1537 1035 1604 δὲ
1056 1534 1076 1628 ἡ
1101 1535 1167 1624 ίρις
1188 1537 1273 1606 κατὰ

113 1635 295 1708 ἀνάκλασιν
323 1645 452 1726 γίνεται
481 1642 537 1706 καὶ
567 1639 657 1708 έστιν
687 1634 788 1728 αὐτῆς
816 1639 1021 1725 κατοπτρικὴ
1052 1636 1071 1728 ἡ
1102 1647 1275 1728 φαντασία

115 1744 294 1820 Φίλιππος
321 1744 382 1827 μέν
413 1738 430 1810 ὁ
460 1740 591 1827 ἑταῖρος
612 1741 798 1820 Πλάτωνος
827 1741 994 1808 δεικνύναι
1021 1747 1183 1829 πειρᾶται
1216 1743 1273 1810 διὰ

112 1848 174 1912 τοῦ
197 1858 467 1928 σομμεταχωρεῑν
491 1838 593 1933 αὐτὴν
616 1842 673 1912 ἐπὶ
697 1837 802 1910 ταύτὰ
825 1856 897 1921 τοῖς
912 1839 1046 1930 ὁρῶσιν.
1073 1839 1196 1913 Ὁπότε
1210 1843 1273 1931 γὰρ

113 1947 237 2025 ἐκεῖνος
260 1947 310 2024 εἷς
331 1946 374 2014 τὰ
396 1945 525 2033 πλάγια
546 1951 785 2030 μεθίσταιντο,
814 1943 872 2012 έπὶ
894 1944 936 2011 τὰ
960 1940 1045 2012 αὐτὰ
1067 1946 1196 2034 πλάγια
1218 1950 1275 2014 καί

112 2048 174 2136 τὴν
196 2045 263 2135 ἶριν
286 2053 475 2136 φαίνεσθαι
499 2053 815 2137 σαμμεθισταμένην
838 2040 954 2134 ὥσπερ
977 2048 1144 2137 ἑπομένην
1159 2053 1201 2139 τῇ
1215 2053 1275 2116 τοῦ

114 2148 260 2237 ὁρῶντος
282 2146 374 2236 ὄψει.
411 2158 443 2215 Τ
440 2153 518 2216 οῦτο
540 2149 603 2235 γὰρ
625 2151 714 2217 ’ίόιον
736 2153 803 2215 ταῖν
824 2149 909 2216 κατοὶ
932 2151 1081 2238 έιιφασιν
1096 2148 1275 2240 ὁρωμένων

113 2252 152 2321 τὸ
186 2245 256 2335 (ipa
285 2265 357 2330 τοῖς
385 2247 490 2336 ὁρῶσι
516 2266 719 2334 μεταχωρεῖν
741 2254 795 2317 καὶ
818 2251 907 2336 πρὸς
927 2251 970 2318 τὰ
995 2253 1088 2332 δεξιὰ
1109 2259 1166 2322 καί
1188 2254 1276 2340 πρὸς

113 2354 157 2420 τὰ
180 2352 350 2440 ἀριστερά.
379 2346 472 2420 Ἐπεὶ
493 2353 536 2418 τά
558 2377 595 2439 χε
616 2347 689 2418 κατ’
717 2347 908 2439 εὐθυωρίαν
930 2349 1084 2437 ὁρώμενα
1107 2359 1176 2422 πᾶν
1198 2350 1276 2422 τού-

115 2463 249 2524 ναντίσν
271 2452 392 2543 ὁρᾶται
414 2457 587 2524 ποιοῦντα.
633 2454 692 2532 Εἷς
713 2455 774 2538 μέν
793 2452 855 2541 γὰρ
871 2453 913 2520 τὰ
930 2453 1022 2533 δεξιοὶ
1038 2459 1105 2522 τῶν
1120 2453 1275 2542 ὁρώντων

116 2553 201 2625 αύτὰ
222 2561 482 2642 μεθισταμένων
500 2555 608 2623 ἐκεῖνα
624 2557 713 2622 δοκεῖ
728 2555 815 2641 πρὸς
829 2554 871 2621 τὰ
888 2549 1047 2643 ἀριστερὰ
1064 2550 1274 2625 ἀποκλίνειν·

116 2661 147 2728 εἰ
176 2661 212 2728 δὲ
241 2660 274 2726 οἱ
301 2655 445 2743 ύριῦντες
471 2652 556 2724 αύτά
581 2657 629 2736 εἷς
650 2656 692 2722 τὰ
717 2651 876 2743 ἀριστερὰ
898 2664 1137 2741 μεθίσταιντο,
1167 2659 1277 2728 ἐκεῖνα

116 2767 308 2852 φαντασίαν
335 2759 393 2826 ἐπὶ
414 2759 456 2825 τὰ
481 2759 573 2838 δεξιὰ
597 2755 848 2826 ἀποκλινόντων
870 2765 1019 2845 παρέχει.
1069 2762 1112 2828 Oi
1135 2761 1170 2827 δὲ
1196 2766 1277 2848 περὶ

117 2871 149 2932 Γ
147 2879 259 2948 εμῖνον
291 2865 347 2930 καὶ
375 2862 502 2929 Α’ίίιον
535 2861 583 2940 εἰς
611 2861 714 2939 δεῖξιν
742 2864 801 2927 τοῦ
830 2860 977 2950 ἐ’μφασιν
1006 2861 1065 2952 τὴν
1094 2859 1162 2949 ίριν
1190 2860 1278 2930 εἶναι

116 2968 352 3053 προσχρῶνται
380 2966 436 3030 καὶ
464 2968 513 3051 τῷ
543 2958 754 3052 προσιόντων
782 2987 819 3029 τε
847 2958 931 3051 αύτῇ
961 2965 1069 3031 δοκεῖν
1095 2967 1153 3030 καὶ
1176 2959 1277 3050 αὐτὴν

116 3073 296 3156 προσιέναι
322 3069 378 3134 καὶ
405 3066 671 3153 ἀποχωρούντων
693 3064 892 3151 ἀποχωρεῖν,
916 3058 1031 3153 ὥσπερ
1054 3063 1176 3154 ὁρᾶται
1198 3091 1278 3133 ποι-

118 3175 219 3240 οῦντα
247 3170 281 3236 ἐν
308 3182 380 3246 τοῖς
407 3168 611 3253 κατόπτροις
641 3167 881 3256 ἐμφαινόμενα.
931 3169 1086 3238 Geminus
1114 3170 1176 3237 hoc
1205 3172 1277 3237 loco

118 3275 312 3343 coniunctim
324 3293 396 3340 cum
408 3273 503 3339 Aelio
514 3274 624 3356 aliquo
636 3277 912 3339 commemoratur.
937 3271 1135 3357 Scriptorum
1148 3273 1278 3339 serioris

117 3378 234 3444 aetatis
256 3374 377 3442 citandi
398 3375 554 3440 rationem
578 3375 633 3458 qni
655 3375 762 3456 novit,
785 3375 813 3440 is
836 3373 915 3457 quid
937 3374 979 3440 de
1003 3375 1125 3459 duplici
1147 3381 1278 3440 auctore

119 3476 299 3546 Alexandri
313 3475 518 3542 statuendum
534 3477 576 3542 sit
591 3497 655 3542 non
670 3477 787 3541 nescit:
810 3495 927 3559 nempe
942 3477 1130 3542 alterutrum
1145 3476 1278 3542 alterius

118 3600 235 3649 nomen
264 3579 416 3663 largitum
445 3596 526 3644 esse.
578 3578 683 3660 Atque
716 3578 772 3642 ubi
806 3577 848 3643 de
882 3578 1080 3662 temporibus
1112 3578 1278 3660 utriusque

120 3703 230 3751 eorum
259 3681 314 3764 qui
342 3680 513 3746 laudantur
542 3685 682 3761 constat,
710 3679 864 3745 facillime
888 3679 1057 3746 diiudicari
1081 3685 1280 3763 potestator

119 3785 252 3852 alterius
274 3784 469 3848 mentionem
491 3780 714 3865 suppeditarit.
750 3781 901 3866 Exempli
923 3784 1029 3864 gratia
1051 3780 1183 3847 dubium
1207 3800 1279 3848 esse

119 3886 232 3970 nequit
253 3885 331 3967 quin
353 3890 464 3950 auctor
486 3881 601 3950 scholii
622 3882 667 3948 ad
687 3882 848 3967 Lycophr.
868 3876 985 3949 ‘Alex'
1010 3905 1040 3950 ν.
1058 3885 1120 3947 615
1143 3887 1188 3968 (p.
1207 3885 1279 3964 127,

120 3993 159 4052 11
175 4006 245 4070 sqq.
260 3984 394 4064 Kinlrel)
410 3984 499 4068 qnod
512 3983 597 4052 hanc
610 3987 788 4052 clausulam
803 3986 1006 4052 subiunctam
1021 3984 1133 4051 habet:
1154 3982 1281 4067 ἱστορεῖ

121 4086 158 4154 δέ
173 4089 272 4154 τοῦτο
284 4089 427 4168 Τίμαιος
441 4087 498 4152 καὶ
509 4083 626 4163 Λύκος
640 4082 674 4151 έν
689 4087 738 4171 τῷ
751 4089 865 4171 τρίτῳ,
877 4087 999 4171 Lycum
1010 4086 1099 4170 apud
1110 4086 1279 4153 Timaeum
