3134 4986
285 397 348 458 384
746 393 873 463 lidgarus
889 393 1003 450 Memini

283 561 408 639 ‘Uram'
433 569 534 648 Pet.):
558 561 721 644 Ἡσίοδός
742 587 828 654 φησι
849 563 946 654 [Opp.
971 572 1004 634 et
1025 567 1066 633 D.
1088 585 1119 632 u.
1144 564 1239 646 38314
1259 587 1294 651 p.
1312 567 1373 630 227
1386 562 1454 652 GP]

489 667 674 756 Πληιάὸων
692 665 917 754 Ἀτλαγενέων
939 664 1229 750 ἐπιτελλομενάων

479 763 640 855 Ἀρχεοθ’
666 765 804 858 ἀμήτου,
829 763 966 850 ἀρότοιο
989 769 1026 836 δὲ
1049 765 1273 852 δυσομενάων.

293 869 342 939 Οά
359 869 417 938 διά
431 871 493 962 τὴν
507 873 567 938 τοῦ
582 864 707 955 άστροο
720 869 876 952 δύναμιν·
893 871 1115 948 παντελῶς
1128 869 1204 957 γάρ
1220 867 1332 937 ἐστιν
1348 866 1456 934 άπά-

288 977 487 1064 πληκτον·
504 974 572 1040 εἴτε
583 971 647 1060 γάρ
658 970 784 1059 πυρινά
797 969 922 1038 ἐστιτὰ
935 967 1043 1058 άστρα
1055 970 1124 1038 ε’ίτε
1135 970 1286 1055 αἰθέρια,
1297 966 1345 1047 ὥς
1357 963 1456 1057 άρέσ-

288 1101 341 1144 κει
354 1081 460 1144 τισίν·
477 1069 591 1142 πάντα
602 1078 661 1162 τῆς
675 1069 776 1161 αὐτῆς
788 1071 907 1151 οὐσίας
916 1076 971 1140 καὶ
989 1071 1162 1156 δυνάμεως
1172 1070 1388 1159 κεκοινώνηκε
1401 1073 1457 1137 καὶ

290 1172 496 1262 οὐδεμίαν
529 1177 804 1260 συμπάθειαν
837 1174 925 1258 ἔχει
958 1173 1065 1261 πρὸς
1097 1174 1146 1242 τὰ
1181 1173 1251 1241 ἐπὶ
1283 1176 1359 1260 τῆς
1385 1177 1458 1259 γῆς

288 1279 505 1366 γινόμενα.
549 1281 645 1347 'Palla
673 1282 730 1365 qui
759 1280 801 1345 ab
825 1279 1021 1363 Apameensi
1047 1279 1145 1346 scribi
1166 1279 1312 1363 potuisse
1335 1275 1456 1360 credat,

290 1385 319 1451 is
349 1404 465 1451 vereor
493 1403 535 1449 ne
562 1384 672 1449 silices
694 1400 896 1465 concoquere
917 1383 1037 1447 valeat.
1082 1381 1218 1448 Possum
1241 1381 1309 1446 alia
1329 1379 1458 1444 adferre

290 1506 376 1571 quae
404 1509 425 1553 a
451 1485 628 1552 Posidonio
656 1485 765 1551 aliena
794 1503 865 1550 esse
893 1483 1080 1549 certissimis
1108 1489 1215 1566 potest
1243 1481 1459 1548 demonstrari

291 1588 500 1672 argumentis.
554 1586 621 1653 Sed
653 1587 701 1652 nil
734 1605 816 1670 opus
849 1590 899 1650 est
930 1585 1095 1650 lucernam
1122 1585 1155 1649 in
1185 1583 1273 1650 diem
1301 1581 1457 1666 proferre.

290 1690 419 1756 Etenim
449 1709 492 1755 ex
521 1689 647 1755 duobus
674 1688 771 1755 modo
797 1686 949 1753 indicatis
972 1686 1053 1752 locis
1075 1687 1155 1751 satis
1176 1684 1372 1769 perspicitur
1395 1702 1457 1768 quo

290 1792 361 1857 iure
383 1791 437 1856 vel
459 1792 566 1874 potius
589 1810 654 1874 qua
676 1789 795 1854 iniuria
809 1789 954 1854 Blassius
977 1807 1020 1854 ex
1042 1807 1106 1854 uno
1129 1787 1305 1854 Posidonio
1328 1786 1457 1853 Gemini

288 1885 591 1958 ‘Introductionem’
617 1893 841 1958 concinnatam
862 1907 935 1955 esse
956 1891 1109 1972 posuerit.

380 1993 473 2072 Quae
498 2014 571 2060 oum
593 1995 639 2059 ita
654 1995 726 2071 sint,
748 1993 952 2058 Blaesianum
966 1992 1153 2074 opinionem
1167 1991 1365 2074 sepeliamus
1380 2011 1457 2058 una-

292 2115 355 2178 que
381 2115 453 2161 cum
477 2115 517 2161 ea
537 2095 697 2162 famosam
720 2095 809 2159 illam
831 2094 1133 2160 commentationem
1149 2112 1234 2176 quae
1249 2093 1457 2177 inscriptione

292 2202 407 2263 ornata
420 2203 484 2264 est:
496 2189 507 2216 ‘
517 2197 567 2262 De
579 2197 764 2262 auctoribus
776 2194 970 2279 quibusdam
982 2196 1038 2278 qui
1046 2194 1213 2261 Posidonii
1224 2195 1324 2260 libros
1335 2202 1456 2262 metco

292 2299 459 2382 rologicos
474 2297 701 2365 adhibuerunt.
736 2295 804 2364 Sor.
820 2297 872 2362 Fr.
889 2287 1049 2362 ldalchin.³
1076 2293 1255 2373 (Rostochii
1274 2298 1379 2374 1893).
1407 2298 1455 2363 De

293 2420 359 2485 qua
382 2400 608 2467 dissertatione
631 2399 782 2482 equidem
805 2397 961 2464 iudicium
979 2398 1090 2464 fucere
1105 2398 1215 2464 nolim.
1247 2395 1336 2464 Satis
1353 2398 1455 2466 habeo

294 2521 350 2568 eas
373 2503 548 2569 sententias
569 2501 761 2585 adposuisse
784 2519 865 2583 quas
887 2500 944 2567 ille
962 2505 1073 2583 utpote
1096 2499 1403 2566 fundamentum
1424 2503 1455 2566 in

293 2603 399 2671 fronte
421 2605 526 2670 libelli
548 2605 598 2670 sui
620 2603 817 2670 conlocavit:
837 2594 1025 2667 ‘Posidonii
1047 2602 1147 2667 libros
1165 2602 1222 2684 qui
1235 2603 1318 2685 περὶ
1331 2599 1454 2684 μετετά-

294 2730 362 2790 ρων
392 2707 539 2789 insoripti
570 2714 661 2771 erant
689 2704 904 2771 Prisciano
932 2703 1046 2786 Lydo
1073 2709 1242 2770 auctore
1265 2704 1453 2770 Geminus

293 2807 575 2892 excerpsitdl).
619 2805 781 2871 Gemini
809 2806 991 2890 epitome
1019 2825 1041 2870 a
1062 2807 1339 2890 compilatore
1361 2825 1452 2890 quo·

295 2909 436 2990 dam(?)
458 2914 673 2993 amputata
698 2909 738 2973 in
767 2906 870 2973 hanc
891 2913 1068 2973 aetatem
1090 2909 1330 2991 permansit,
1360 2915 1452 2992 atque

297 3033 339 3078 ex
362 3013 403 3078 iis
424 3010 585 3095 partibus,
609 3029 693 3092 quae
715 3029 737 3074 a
758 3010 874 3075 ceteris
897 3007 1075 3075 disiunctae
1097 3009 1303 3090 interierunt,
1326 3010 1453 3095 Simpli-

221 3141 223 3150 ¹
294 3116 364 3181 cius
387 3113 474 3179 haud
496 3112 597 3198 breve
620 3117 717 3193 eaput
738 3111 890 3176 servavit.
927 3111 1037 3194 Ipsum
1053 3110 1220 3178 Posidonii
1242 3133 1327 3196 opus
1343 3133 1365 3179 a
1379 3113 1453 3178 Dio

294 3235 378 3299 gene
401 3213 531 3280 Laertio
560 3214 686 3279 duobus
714 3213 795 3279 locis
818 3211 977 3278 laudatur.
1022 3212 1132 3278 Haec
1153 3213 1241 3279 iere
1263 3213 1312 3279 de
1334 3215 1453 3279 libris

294 3319 387 3384 illis
410 3315 747 3398 meteorologiois
769 3308 1058 3393 constanttlll).'
1090 3313 1181 3380 Haec
1193 3315 1454 3398 intellegentibus

287 3421 455 3488 iudicibus
477 3415 646 3484 sufficient.

381 3521 501 3586 Verum
524 3519 590 3584 iam
613 3523 739 3601 tempus
763 3516 876 3584 estad
899 3517 934 3583 id
955 3517 1152 3600 respondere
1176 3518 1266 3585 cuius
1288 3524 1453 3585 causato

294 3631 362 3690 tam
384 3623 426 3688 de
449 3619 589 3686 Gemino
612 3618 864 3702 disputationem
888 3620 1092 3686 instituimus.
1137 3619 1337 3686 Conducitne
1359 3621 1455 3702 igitur

294 3724 462 3792 Posidonii
477 3722 643 3788 doctrinae
655 3722 926 3804 meteorologioae
938 3723 1092 3805 reliquias
1102 3721 1303 3805 indagaturis
1314 3742 1336 3787 a
1347 3721 1455 3788 Gemi·

295 3828 329 3893 ni
348 3815 520 3908 ‘isagoga'
553 3821 739 3906 proficisci?
783 3821 877 3900 Quod
906 3822 1030 3908 duplici
1059 3823 1100 3889 de
1129 3843 1228 3890 causa
1250 3824 1452 3907 negabimus:

294 3927 434 4012 primum
459 3924 591 4008 quidem
614 3925 691 4008 quia
712 3925 810 4008 plane
831 3945 896 3990 non
918 3931 1042 3992 constat
1063 3931 1221 4008 quatenus
1243 3924 1399 3991 Geminus
1421 3925 1455 3989 in

297 4018 794 4112 componenda‘lntroduotione’
810 4026 1019 4093 Posidonium
1030 4033 1158 4093 secutus
1169 4027 1224 4110 sit;
1236 4025 1355 4093 deinde
1366 4025 1454 4110 quod

295 4130 371 4196 libri
393 4147 490 4194 manu
513 4129 638 4194 exarati
659 4127 755 4195 huius
777 4129 881 4195 libelli
898 4128 1041 4195 noudum
1056 4147 1121 4212 qua
1136 4128 1231 4196 decet
1244 4127 1452 4195 adcurationc
