3170 4984
264 379 308 434 De
324 379 447 436 fontibus
466 379 591 452 Dionysii
607 380 857 438 Halicarnassensis
875 381 1048 450 quaestiones
1065 379 1164 436 variae.
1231 379 1297 440 243

217 549 323 630 Quam
337 552 538 620 diversarum
561 555 780 620 narrationum
800 555 917 621 seriem
939 547 975 620 ut
990 554 1088 622 etiarn
1107 554 1213 638 magis
1229 553 1293 620 ola-

128 654 270 738 riusque,
279 674 375 738 quam
390 673 474 720 nune
484 653 556 720 fieri
568 661 684 740 potest,
696 656 941 740 parspioiamus,
950 655 993 723 ad
1008 656 1138 723 fastos
1150 655 1272 722 Livia
1282 691 1299 702 ·-

128 775 202 823 nos
217 755 445 840 disquirendos
456 757 623 840 paululum
635 756 855 824 deflectamus.
885 756 991 824 Simul
1002 758 1071 825 iore
1083 759 1192 841 oredo,
1204 765 1239 824 ut
1250 777 1293 824 ex

129 859 192 942 ais,
216 877 300 943 quae
323 857 488 943 hueusque
512 858 554 924 de
577 859 655 925 belli
677 859 863 926 Porsennae
892 861 1050 928 memoria
1071 861 1300 945 eognovimus„

128 959 288 1026 Livianae
311 958 440 1026 auidam
463 961 656 1044 quaestioni,
680 960 722 1028 de
744 981 809 1045 qua
830 961 940 1029 varias
958 963 1021 1028 viri
1043 961 1131 1029 dooti
1152 961 1298 1047 protule-

128 1067 203 1128 runt
225 1061 410 1142 sententias,
433 1061 515 1128 lueis
537 1063 773 1146 aliquantulum
794 1063 971 1147 adinlgeat.

217 1161 412 1230 Plutarobea
426 1163 524 1246 igitur
538 1165 696 1230 memoria
711 1165 790 1232 belli
803 1167 939 1252 Etrusci,
955 1172 1012 1233 aut
1023 1167 1065 1234 ab
1080 1168 1152 1252 ipso
1163 1166 1298 1232 valerio

129 1264 261 1330 Antiate
289 1265 395 1348 primo
422 1265 470 1332 sie
492 1267 667 1334 constituta
694 1275 750 1334 aut
772 1269 814 1334 ab
843 1270 1025 1353 antiquiore
1046 1268 1190 1352 quodam
1218 1269 1295 1334 sori·

127 1372 221 1450 ptore
243 1366 421 1432 admodum
444 1369 593 1434 similiter
614 1369 743 1453 tradita,
766 1389 809 1436 ex
832 1369 959 1437 duabus
982 1371 1135 1453 diversis,
1159 1389 1295 1453 quarum

129 1469 233 1534 altera
247 1467 311 1534 hoo
325 1469 448 1534 bellum
463 1469 594 1536 Valerio
611 1476 643 1536 et
658 1470 819 1556 Lucretio,
842 1474 947 1538 altera
963 1472 1093 1539 Valerio
1111 1479 1144 1538 et
1158 1471 1294 1537 Horatio

130 1570 316 1637 oonsulibus
337 1577 464 1653 gestum
480 1589 552 1637 esse
575 1571 749 1656 serebatur,
773 1581 887 1642 exorta
901 1581 960 1642 est.
998 1576 1105 1658 Atque
1122 1593 1194 1640 eum
1218 1574 1294 1640 sori·

128 1678 265 1755 ptorom,
288 1673 346 1757 qui
367 1670 472 1738 hano
494 1675 682 1740 memoriam
704 1678 898 1760 praebebat,
920 1678 1059 1743 alterum
1082 1677 1294 1758 consulatum,

128 1775 252 1840 Valerii
268 1781 302 1841 et
316 1775 469 1858 Lueretii,
493 1777 623 1843 omuino
645 1797 709 1842 nou
725 1779 913 1846 exhibuisse
929 1779 1045 1847 videor
1067 1777 1147 1844 mihi
1163 1777 1295 1844 domon-

128 1883 258 1944 strasse.
303 1876 371 1944 Sed
394 1878 492 1942 etiam
515 1877 597 1944 illud
618 1885 669 1946 est
690 1882 761 1946 rori
783 1883 993 1960 simillimum,
1017 1902 1058 1948 ne
1074 1881 1183 1947 diuam
1201 1899 1294 1963 aper-

128 1985 206 2062 turu,
230 1979 272 2046 ab
294 1981 398 2045 altera
420 1979 478 2044 illa
499 1981 665 2064 momoria,
689 2002 754 2065 qua
775 1984 913 2050 Romani
937 1983 1067 2050 Valerio
1091 1989 1123 2049 et
1144 1982 1295 2048 Lueretio
1327 2060 1331 2068 ,

129 2101 211 2148 ooss.
240 2099 314 2146 oum
345 2082 511 2148 Porsenna
540 2083 680 2176 bellasse
709 2085 936 2168 tradebantur,
958 2085 1082 2152 Valerii
1113 2090 1146 2150 ot
1167 2083 1295 2149 Horatii

127 2185 330 2252 consulatum
352 2184 483 2251 afuisse.

215 2284 307 2364 Quae
323 2305 395 2352 oum
418 2287 466 2352 ita
479 2287 554 2370 sint,
576 2288 693 2354 mirum
708 2291 854 2373 proieoto
870 2295 966 2372 esset,
989 2291 1018 2356 si
1039 2308 1136 2355 nasu
1158 2289 1192 2353 iu
1206 2286 1295 2351 Livii

127 2389 232 2471 libris,
255 2389 311 2472 qui
327 2407 411 2473 quae
426 2389 469 2456 de
492 2388 544 2456 his
554 2384 556 2387 ’
567 2391 766 2474 temporibus
780 2393 933 2474 narravit,
957 2411 975 2458 e
990 2390 1220 2456 vetustioribus
1238 2407 1294 2452 au-

126 2491 257 2557 ualibus
272 2491 485 2575 deprompsit,
501 2491 544 2556 M.
561 2491 687 2558 Horatii
706 2513 824 2558 nomen
840 2493 1026 2560 excidisset.
1062 2492 1148 2558 Nam
1164 2497 1197 2556 et
1210 2509 1295 2555 uuna

127 2593 161 2657 iu
185 2593 334 2659 omuibus
356 2594 444 2660 Livii
466 2593 634 2661 oodioibus
657 2594 877 2678 desideratur,
908 2600 940 2661 at
968 2615 1053 2660 anno
1078 2596 1139 2658 519
1162 2611 1194 2677 p.
1218 2590 1293 2658 (ibn.

126 2695 161 2760 iu
184 2695 364 2778 breviario,
395 2714 437 2762 ex
459 2715 523 2779 qno
547 2695 760 2764 Cassiodorus
782 2695 922 2764 Senator
944 2696 1031 2762 Livii
1059 2693 1160 2762 fastos
1182 2711 1294 2760 aroer

126 2799 193 2880 psit
207 2801 243 2880 ¹),
273 2819 337 2864 non
360 2799 524 2865 exstitisse
554 2818 596 2864 ex
615 2790 803 2866 ‘ebroniois'
829 2801 900 2866 eius
929 2799 1142 2884 cognoscitur.
1187 2797 1295 2878 Atque

127 2919 200 2966 oum
229 2900 359 2965 Liviani
391 2900 467 2966 fasti
495 2901 582 2966 tertii
611 2901 687 2966 anui
721 2901 767 2966 ita
798 2901 863 2968 sint
889 2901 1085 2984 perturbati,
1118 2905 1155 2967 nt
1186 2898 1294 2982 primo

128 3002 242 3066 obtutu
264 3008 353 3068 oerta
378 3003 534 3086 oolligere
563 3021 627 3069 non
656 3003 770 3085 lioeat,
799 3004 864 3070 nisi
887 3003 975 3086 quod
997 3002 1126 3069 Horatii
1153 2999 1294 3066 nominis

128 3103 252 3168 nullum
281 3104 440 3170 cernimus
471 3103 661 3187 vestigium,
690 3103 877 3172 Cassiodori
914 3111 1001 3172 oerte
1034 3105 1110 3172 fasti
1146 3100 1294 3168 omuibus

127 3206 270 3271 numeris
293 3221 365 3272 oum
389 3206 448 3272 eis
470 3205 676 3288 eonseniuut,
700 3225 784 3290 quae
806 3226 866 3273 uos
884 3206 982 3274 modo
1005 3205 1160 3292 suspioati
1182 3220 1293 3269 sumus

127 3305 1294 3390 iuantiquissimisanualibusfnissqualeriumenimiternm,T.Luere·

127 3409 209 3474 tium
223 3409 249 3476 1.
274 3411 422 3478 eonsules
445 3410 553 3476 statim
577 3409 744 3494 excipiunt
766 3409 822 3494 Sp.
838 3411 977 3494 Largius
999 3417 1032 3478 et
1054 3411 1092 3476 Τ.
1110 3407 1293 3476 Herennius

128 3511 161 3586 (i.
176 3530 203 3576 e.
217 3509 273 3595 Sp.
287 3511 431 3596 Latoius,
444 3513 483 3577 Τ.
495 3511 693 3588 Herminius)
708 3513 836 3580 omissis
847 3513 978 3580 Valerio
990 3513 1048 3580 ΙΙΙ.
1060 3518 1093 3580 at
1103 3509 1240 3578 Horatio
1250 3505 1292 3572 11.

124 3613 325 3680 oonsulibus.
375 3614 490 3697 Itaque
520 3614 744 3680 meoiudicio
775 3634 829 3699 ea,
861 3635 958 3700 quam
985 3615 1030 3682 do
1059 3611 1293 3698 antiquissimis

128 3713 244 3781 horum
266 3735 422 3782 annornm
444 3713 535 3783 tostis
558 3717 695 3802 professi
717 3736 838 3800 snmus,
865 3718 1026 3785 sententia
1047 3737 1112 3784 nou
1134 3715 1238 3782 solum
1261 3719 1294 3778 et

127 3816 214 3882 Livii
230 3817 379 3884 oudinum
401 3825 434 3884 et
449 3817 634 3886 Cassiodori
657 3817 841 3886 testimonio
863 3821 1004 3902 fuleitur,
1028 3818 1211 3899 sedetiam,
1234 3833 1293 3899 per

127 3937 163 3986 ae
179 3919 252 4004 ipsa
267 3920 346 3986 satis
361 3919 550 4004 probabilis,
572 3939 638 3988 una
658 3937 730 3986 oum
746 3918 933 3988 Cassiodori
953 3909 1140 3990 ‘ebroniois’
1167 3917 1292 3999 suadet,

216 4055 241 4116 1)
260 4050 300 4106 ci.
315 4050 367 4106 Th.
377 4050 538 4122 Mommsen,
552 4045 617 4106 ‘Die
629 4051 751 4106 chronik
770 4051 818 4108 des
832 4052 1010 4110 Cassiodorus
1024 4049 1150 4109 Senator’
1169 4044 1291 4106 iu‘Abb.

127 4135 154 4191 d.
164 4135 197 4190 K.
209 4135 305 4192 Saohs.
316 4135 379 4191 Ges.
389 4135 477 4200 (tw,
487 4130 630 4204 pia-bdi'
640 4137 681 4191 111
691 4142 806 4209 aiisqq.
817 4137 865 4206 (ei.
875 4136 1292 4254 Monumiiermbistfflllli).

1089 4228 1119 4280 16
