3318 4970
337 395 378 453 54
409 364 412 369 .
752 394 892 463 Augustus
910 393 1061 448 Jonemann

335 569 422 635 Luc
444 568 696 651 intellegendum
724 587 796 635 csse
824 566 987 650 ,legatum
1016 568 1174 650 legionis“
1204 587 1262 651 pro
1292 579 1380 637 certo
1409 569 1491 636 affir-

334 691 423 738 mare
445 673 530 738 licet.

421 775 515 839 Patet
529 774 628 857 igitur
642 773 677 838 L.
693 771 836 856 Appium
852 771 953 836 foisse
968 771 1109 853 legatum
1124 772 1262 856 legionis
1277 773 1365 839 VIII.
1382 775 1491 857 Augu-

336 885 422 960 stae,
456 895 540 958 quae
562 875 769 958 Argentorati
798 890 925 954 semper
959 879 1064 938 cestra
1096 874 1215 940 stativa
1244 873 1366 940 hebuit.
1411 876 1491 941 Inde

337 999 432 1062 quum
465 977 614 1044 maximis
642 977 809 1043 itineribus
837 974 880 1039 ad
910 973 1078 1040 seditionis
1106 974 1212 1041 locum
1242 976 1392 1043 celeriter
1421 998 1491 1061 per·

336 1081 449 1146 venire
470 1085 605 1163 poterat,
633 1079 820 1162 priusquam
841 1077 999 1143 Antonius
1021 1076 1100 1142 satis
1122 1077 1238 1142 virium
1262 1077 1305 1143 ed
1328 1087 1491 1145 certamen

338 1183 480 1265 undique
503 1182 671 1263 coegisset.
715 1179 869 1246 Germani
892 1178 1023 1261 quidem
1052 1177 1112 1244 sub
1140 1179 1246 1262 ipsum
1275 1179 1492 1248 dimicationis

335 1283 460 1349 initium
482 1281 691 1366 advenerunt,
715 1281 774 1348 sed
797 1280 909 1347 Rheno
932 1285 1066 1363 repente
1080 1280 1231 1362 resoluto,
1254 1301 1295 1348 ne
1310 1284 1491 1366 transirent,

337 1384 481 1451 deterriti
504 1390 586 1451 sunt.
630 1385 681 1450 Ita
703 1384 857 1450 Norbano
880 1382 1024 1465 contigit,
1047 1387 1082 1447 ut
1103 1382 1243 1448 Antonio
1266 1391 1419 1467 snperato
1442 1405 1489 1452 se·

336 1486 494 1553 ditionem
517 1488 753 1570 comprimeret,
776 1505 972 1569 quamquam
994 1485 1024 1550 ei
1047 1483 1135 1550 haud
1153 1487 1199 1550 ita
1213 1505 1351 1568 magnae
1367 1488 1492 1569 copiae,

334 1589 472 1655 fortasse
493 1609 558 1654 una
580 1595 703 1654 mntem
725 1589 813 1671 legio
835 1588 969 1670 eiusque
993 1585 1141 1653 cohortes
1163 1588 1365 1671 auxiliariae,
1394 1609 1491 1672 quan·

221 1763 224 1770 Ι
336 1698 402 1756 tum
426 1690 578 1772 cognosci
599 1695 715 1774 potest,
738 1695 867 1772 praesto
889 1688 989 1754 fuisse
1011 1688 1171 1754 videntur.
1185 1692 1206 1767 ¹)
1223 1723 1263 1734 ·-
1280 1689 1351 1768 Quo
1374 1691 1493 1757 factum

338 1798 396 1875 est,
419 1797 454 1856 ut
476 1791 689 1872 Domitianus,
712 1791 767 1874 qui
791 1809 863 1856 eom
886 1789 1071 1857 cohortibus
1092 1791 1262 1873 praetoriis
1285 1811 1327 1858 ex
1349 1793 1430 1859 urbe
1451 1793 1493 1858 ad

334 1894 454 1959 bellum
476 1894 639 1976 profectus
662 1899 739 1976 erat,
769 1894 802 1958 in
829 1893 944 1958 itinere
966 1893 1037 1975 ipso
1060 1892 1325 1960 iucundissimum
1347 1893 1492 1960 nuntium

335 1995 463 2062 audiret
473 1998 508 2078 ²),
531 1995 724 2062 seditionem
745 1997 961 2062 Antonianum
983 2014 1055 2062 esse
1076 1995 1232 2061 sedatam.
1276 1995 1393 2079 Neque
1415 2016 1492 2063 vero

425 2185 448 2245 t)
466 2178 605 2247 Quomodo
625 2179 760 2234 exercitus
780 2179 940 2232 Germsnlae
957 2178 1093 2234 interiorIs
1110 2178 1139 2232 iu
1157 2177 1289 2233 seditione
1306 2183 1432 2234 versatus
1449 2179 1494 2247 sit,

335 2266 455 2320 enodare
481 2263 586 2318 studuit
611 2263 878 2332 Rttterlingtp.16)
904 2269 980 2318 ratus
1006 2267 1094 2317 totum
1120 2263 1269 2317 exercitum
1295 2267 1344 2329 (sc.
1372 2264 1493 2332 legiones

334 2350 355 2404 l.
374 2349 545 2415 Mineruam,
567 2347 614 2404 Vl.
633 2347 787 2412 Victricem,
809 2348 844 2402 X.
865 2348 1011 2410 Geminam,
1034 2346 1122 2401 XXII.
1141 2348 1340 2416 Primigeniam)
1360 2349 1494 2418 simulque

333 2434 448 2490 classem
474 2433 662 2489 Germanicam
686 2434 843 2502 cognomine
861 2433 891 2486 P.
910 2431 943 2488 F.
967 2431 1123 2487 decoratum
1146 2433 1239 2498 fuisse,
1267 2433 1339 2502 quod
1363 2447 1396 2488 co
1419 2449 1493 2488 anno

332 2519 413 2575 fidem
431 2526 459 2575 et
476 2525 676 2575 sacramentum
689 2518 844 2573 Domitiano
862 2518 1054 2586 servavisseut3
1073 2518 1165 2572 sedin
1183 2517 1270 2573 medio
1288 2517 1492 2586 relinquendum

334 2619 395 2662 esse
419 2607 461 2660 rir
485 2607 581 2660 doctus
599 2607 658 2673 ipso
681 2603 819 2668 concedit,
836 2596 940 2658 ‘utrum
960 2603 1079 2670 legiones
1096 2603 1247 2658 Antonium
1269 2602 1356 2672 primo
1383 2606 1493 2658 secutae

336 2691 434 2759 postea
452 2690 627 2756 deseruerint,
645 2705 681 2743 an
699 2689 808 2743 omniuo
825 2688 968 2742 illecebras
985 2693 1013 2741 et
1029 2687 1202 2744 incitationes
1218 2689 1388 2756 neglegentes
1401 2703 1493 2743 sacra·

335 2776 465 2840 mentum,
489 2791 542 2842 quo
562 2789 623 2829 sese
639 2773 794 2828 Domitiano
813 2764 967 2841 adegerant,
989 2773 1091 2828 violare
1113 2789 1169 2828 non
1187 2788 1270 2828 ausae
1288 2775 1350 2839 sint,
1368 2789 1404 2827 an
1422 2774 1493 2827 ultm

337 2855 421 2911 ‘etiam
447 2859 504 2912 suis
527 2857 608 2912 armis
631 2858 713 2912 castis
736 2861 818 2926 atque
835 2857 968 2926 religiosis
985 2857 1093 2914 illorum
1111 2860 1200 2914 scelus
1218 2864 1245 2912 et
1262 2859 1428 2926 impietatem
1446 2873 1492 2912 ex-

338 2941 475 3010 stinguere
487 2944 698 3011 subvertereque
711 2935 882 2998 studuerint?
908 2941 963 2996 Res
975 2957 1039 3010 ergo
1051 2943 1157 2998 videtur
1173 2944 1292 2998 nondum
1309 2943 1349 2997 itu
1367 2942 1494 3013 expedita

337 3041 406 3094 esse,
432 3033 464 3081 ut
488 3043 537 3096 pro
557 3031 633 3082 certo
650 3031 770 3083 statuere
787 3029 874 3089 liceat,
894 3027 1028 3095 quomodo
1044 3027 1164 3096 legiones
1182 3029 1272 3084 Germ.
1291 3027 1340 3082 ini.
1359 3042 1432 3082 auno
1450 3031 1492 3081 89.

336 3127 367 3168 se
388 3113 532 3182 gesserint.
567 3111 735 3181 Quamquam
752 3112 864 3178 Roulea,
890 3113 963 3181 qnod
984 3113 1047 3168 illae
1069 3113 1199 3170 adversus
1218 3113 1368 3168 Antonium
1385 3113 1494 3168 stetIsse

336 3197 473 3267 opinatur,
491 3198 545 3252 hcc
557 3212 654 3266 parum
667 3202 740 3252 certo
753 3197 930 3252 fundamento
942 3198 1017 3254 nisus
1029 3198 1188 3254 Norbanum
1199 3198 1318 3266 legatum
1336 3197 1495 3268 prouinciae

334 3282 474 3338 inferioris
494 3281 580 3338 fuisse
603 3282 742 3337 contendit
763 3279 863 3349 (Mem.
882 3283 915 3338 de
933 3284 1029 3340 l'aoad.
1048 3283 1081 3338 de
1099 3278 1237 3354 Belgique'
1257 3288 1323 3340 1875
1341 3300 1370 3353 p.
1389 3287 1441 3352 29),
1465 3283 1494 3338 id

335 3367 408 3436 quod
426 3367 505 3424 valde
522 3383 540 3422 a
556 3367 750 3436 probabiIItate
768 3368 897 3423 abhorret
913 3383 1001 3436 neque
1020 3369 1163 3438 quidquem
1181 3369 1272 3436 habet,
1291 3385 1344 3438 quo
1358 3383 1493 3424 commen-

335 3451 422 3507 detur.
458 3452 549 3507 Etiam
567 3453 712 3522 RItterling
735 3453 806 3508 idem
827 3453 933 3508 ridetur
956 3468 1075 3519 censere,
1098 3469 1160 3508 cum
1177 3455 1268 3523 Appio
1286 3454 1406 3509 Maximo
1424 3453 1493 3508 duce

336 3533 455 3605 legiones
474 3543 569 3592 contra
581 3537 729 3592 Antonium
747 3553 822 3593 arma
839 3539 935 3594 tulisse
949 3539 1104 3594 arbitretur.
1118 3569 1150 3578 -
1163 3539 1199 3593 ol.
1211 3539 1292 3594 ctiam
1310 3539 1383 3609 quod
1395 3538 1425 3594 0.
1438 3538 1491 3593 Dio

336 3623 380 3689 ιιι,
393 3625 423 3675 ιι
437 3623 534 3676 uscia
552 3619 568 3680 ὁ
581 3620 717 3690 (Λούκιος
729 3616 872 3694 Μάξιμος)
883 3622 930 3681 ἐπὶ
943 3628 979 3696 τῇ
989 3624 1042 3694 μὲν
1054 3626 1119 3694 νίκῃ
1131 3618 1213 3682 οὐδὲν
1229 3624 1303 3697 μέγα
1322 3619 1403 3691 ἄξιός
1414 3622 1493 3680 ἐστιν

335 3701 527 3773 ἐπαινεῖσθαι,
554 3709 651 3777 quibus
673 3709 817 3765 Reimarus
843 3725 879 3765 ex
899 3710 1061 3765 Peiresianis
1087 3711 1223 3780 excerptis
1249 3711 1351 3766 haecce
1376 3709 1490 3764 addidit:

335 3793 439 3847 πολλοὶ
456 3787 513 3862 γάρ
531 3811 589 3849 που
605 3797 654 3850 καὶ
672 3790 754 3852 ἄλλοι
772 3791 852 3868 παρὰ
871 3791 958 3862 δόξαν
969 3793 1110 3867 ἐνίκησαν,
1129 3792 1161 3852 οῗ
1175 3816 1207 3853 τε
1219 3799 1396 3868 στρατιῶται
1413 3791 1491 3872 αὐτῷ

336 3879 576 3948 συνηγωνίσαντο.

422 3967 447 4028 2)
465 3963 537 4018 Plut.
550 3979 575 4019 r.
588 3965 682 4021 Aemil.
696 3965 773 4020 Paul.
787 3983 809 4020 c.
824 3971 872 4022 ιιι
892 3957 1011 4039 ὅτιγὰρ
1027 3958 1172 4032 Ἀντώνιος
1189 3960 1298 4040 ἀπέστη
1310 3971 1492 4038 Δομετιανοῦ

335 4049 385 4103 καὶ
406 4042 496 4113 πολὺς
512 4043 641 4118 πόλεμος
663 4043 722 4108 ἀπὸ
742 4054 908 4124 Γερμανίας
929 4056 1130 4123 προσεδοκᾶτο
1153 4057 1204 4123 τῆς
1220 4048 1328 4125 Ῥώμης
1348 4073 1490 4127 ταραττο-

335 4127 420 4204 μένης
442 4130 526 4202 ἄφνω
549 4138 599 4191 καὶ
621 4128 794 4204 αὐτομάτως
813 4131 829 4192 ὃ
848 4141 936 4208 δῆμος
956 4134 989 4203 ἐξ
1008 4132 1097 4194 αὑτοῦ
1120 4136 1215 4210 φήμην
1241 4133 1385 4196 ἀντέδωκε
1412 4142 1491 4212 rbere
