3198 4974
328 337 391 400 186
807 341 873 398 Otto
890 342 1020 400 Boeksolr

326 510 567 580 maehiuatione
591 511 792 580 Valeriorum
817 549 854 560 -
879 516 912 580 iu
936 535 1062 584 summa
1084 519 1331 603 eonsentientes,
1358 522 1486 592 alteram

325 633 404 680 vero
439 633 550 680 earum
578 649 622 662 -
650 633 748 698 quam
777 616 920 683 diximus
942 618 1113 685 Liviauam
1143 653 1185 666 -
1214 627 1250 686 ut
1276 623 1400 690 minore
1428 624 1486 690 fide

324 714 458 798 dignam
473 716 515 782 ab
532 736 571 784 eo
587 736 658 783 esse
681 719 845 785 reiectam.
882 719 974 785 Haeo
994 737 1072 785 vero
1095 721 1123 787 si
1146 721 1205 788 tibi
1228 724 1485 808 comprobavero,

325 816 485 884 eoueedes
519 826 552 884 et
579 818 622 886 ab
650 820 839 887 altoreille
868 819 1035 888 Plutarohi
1063 829 1196 890 auotore
1227 830 1260 890 et
1288 825 1330 891 ab
1360 827 1485 894 Antiate

324 917 435 986 dolum
457 920 548 986 illum
572 920 775 988 Valeriorum
797 921 950 988 traditum
973 923 1084 992 fuisse.

408 1021 496 1104 Ergo
519 1023 737 1088 enarravit
757 1024 922 1106 Antias,
946 1025 973 1091 si
997 1043 1049 1091 me
1071 1025 1178 1110 audis,
1201 1034 1241 1092 et
1263 1027 1484 1096 Plutareho

323 1125 618 1208 suppeditavit
643 1123 825 1192 fabulam
847 1126 965 1192 illam
989 1126 1037 1192 de
1060 1127 1320 1202 Valeriorum
1344 1137 1484 1196 eontra

322 1226 534 1293 Horatium
561 1226 719 1295 fraude.
765 1226 861 1306 Quod
883 1229 912 1294 si
934 1248 1047 1294 verum
1070 1236 1130 1312 est,
1154 1229 1252 1296 valde
1276 1229 1387 1297 herole
1409 1233 1482 1299 lieet

322 1329 482 1412 dubitare,
506 1349 583 1396 uum
605 1331 735 1398 omuino
758 1331 859 1396 alium
882 1336 1014 1412 praeter
1028 1331 1195 1398 Antiatem
1218 1331 1414 1399 Pluturohos
1435 1355 1481 1403 as·

293 1503 296 1512 ,
322 1433 496 1516 sumpserit
525 1433 732 1517 seriptorem,
767 1447 802 1497 ut
827 1431 923 1500 modo
952 1452 1051 1517 supra
1079 1433 1256 1516 posuimus.
1309 1433 1482 1517 Oognosois

322 1535 408 1601 enim
436 1541 502 1600 tam
531 1533 738 1603 manifestum
760 1535 904 1602 familiae
928 1534 1124 1600 Valerianae
1147 1533 1290 1600 studium
1314 1537 1432 1604 esteris
1454 1539 1483 1602 iu

321 1638 469 1720 partibus
496 1638 689 1704 narrationis
713 1635 929 1704 Plutareheae
951 1670 994 1682 -
1017 1643 1052 1702 ut
1080 1655 1180 1718 supra
1208 1630 1273 1702 iam
1295 1637 1482 1706 adnotatum

321 1771 361 1785 -·
385 1746 421 1806 ut
450 1740 508 1805 vix
537 1738 668 1821 eredas,
700 1737 838 1805 eundem
861 1739 1026 1805 Valerium
1055 1737 1220 1804 Antiatem
1240 1757 1414 1806 enarrasse
1443 1741 1481 1805 Μ.
1566 1747 1567 1756 ’

322 1841 444 1907 Valerii
460 1847 572 1908 eontra
587 1841 757 1906 Horatium
773 1845 924 1906 eouatum
940 1839 1029 1908 haud
1049 1841 1194 1923 proleoto
1217 1838 1401 1922 honestum,
1424 1843 1482 1908 uisi

320 1941 384 2010 hae
410 1961 540 2026 quoque
565 1962 601 2008 re
624 1942 864 2025 quodammodo
888 1943 921 2007 in
944 1961 1153 2012 senmurum
1176 1960 1343 2008 eonversa.
1390 1941 1481 2022 Quod

320 2065 355 2111 re
378 2064 457 2110 vera
479 2044 565 2128 feeit,
589 2045 652 2110 nisi
674 2045 793 2111 iniuria
816 2063 876 2127 ego
900 2051 1027 2110 totum
1056 2062 1142 2126 eap.
1169 2047 1214 2106 14
1237 2042 1343 2110 Plut.
1367 2043 1480 2110 Publ.

318 2147 481 2212 Antiati
506 2146 675 2214 asoribo
696 2147 739 2212 de
761 2144 823 2214 hao
844 2165 880 2213 re
901 2165 1032 2230 prorsus
1054 2145 1096 2212 ad
1119 2144 1264 2210 Munaeri
1286 2148 1480 2212 seutentiam

318 2269 372 2317 me
385 2247 598 2334 appruerat
632 2248 790 2316 Reddidit
811 2249 919 2333 igitur,
943 2249 971 2316 si
993 2247 1077 2314 haee
1099 2253 1187 2314 reete
1210 2252 1285 2312 suut
1306 2247 1479 2331 disputata,
1566 2285 1567 2292 ι

318 2353 449 2435 Antias,
484 2353 629 2434 quaein
662 2349 804 2418 fontibus
837 2349 1006 2416 exhaustis
1039 2351 1225 2430 invenerat,
1259 2346 1327 2414 fere
1362 2353 1479 2434 omnia,

318 2473 425 2538 neque
453 2461 563 2521 tamen
590 2455 732 2536 integra,
762 2452 821 2520 sed
843 2452 962 2535 partim
985 2452 1158 2518 immutans
1181 2450 1300 2534 partim
1323 2454 1477 2520 refutans.

317 2557 413 2640 Legit
434 2557 468 2621 iu
492 2556 633 2639 eisdem,
661 2563 697 2622 nt
718 2554 863 2636 videtur,
893 2554 1081 2635 annalibus,
1105 2571 1187 2635 quos
1210 2552 1325 2620 Livius
1348 2565 1477 2649 seontus

317 2666 376 2743 est,
399 2664 519 2726 sortem
534 2660 617 2724 inter
632 2658 781 2724 eonsules
797 2657 915 2722 laetam
932 2674 1014 2739 esse,
1037 2661 1107 2722 uter
1123 2655 1280 2737 templum
1299 2654 1477 2740 dedicaret,

315 2767 425 2826 tamen
449 2761 596 2826 Valerios
622 2758 737 2824 fraudo
759 2764 874 2841 parata
896 2775 1029 2840 operam
1052 2756 1199 2838 dedisse,
1229 2762 1265 2822 ut
1287 2757 1478 2828 Pnblioolae

315 2861 472 2930 honorem
487 2868 724 2945 recuperarent.
763 2859 862 2926 (iuius
881 2860 951 2924 doli
972 2859 1128 2924 memoria
1150 2877 1223 2924 eum
1245 2861 1370 2926 maiore
1394 2869 1479 2930 esset

313 2965 516 3046 auotoritate,
539 2983 637 3048 qnam
659 2971 695 3030 ut
716 2982 846 3046 prorsus
868 2962 1043 3044 neglegere
1065 2959 1211 3044 auderet,
1233 2978 1276 3026 ex
1299 2980 1339 3028 ea
1361 2966 1477 3032 saltem

313 3073 540 3149 argumentum
562 3065 734 3149 repetivit,
762 3083 828 3147 quo
856 3064 1074 3130 narrationem
1101 3063 1193 3128 illam
1215 3061 1258 3130 de
1280 3070 1367 3132 sorte
1391 3067 1478 3133 iacta
1566 3143 1567 3150 ἵ

314 3166 468 3234 traditam
497 3167 612 3233 falsam
643 3185 715 3234 esse
745 3165 967 3232 demonstrare
1000 3172 1126 3249 posset:
1160 3165 1312 3232 nimirum
1346 3168 1476 3252 ineptus
1566 3225 1567 3240 ,

312 3268 484 3336 inissetid.
502 3268 623 3334 Valerii
641 3275 784 3349 oouatus,
808 3268 836 3334 si
858 3268 1022 3333 numine
1044 3266 1189 3334 divino
1211 3267 1367 3336 Horatius
1389 3273 1476 3338 eleo·

312 3376 364 3436 tus
386 3372 509 3453 inisset,
532 3371 589 3453 qui
611 3371 767 3454 templum
789 3368 966 3436 dedioaret.
1010 3369 1088 3453 Ipse
1111 3371 1210 3452 igitur
1231 3371 1369 3437 alteram
1392 3375 1475 3440 rela-

311 3471 432 3536 tionem
446 3471 608 3555 probavit,
631 3491 697 3554 qua
712 3472 883 3538 Publioola
897 3472 1031 3540 absente
1054 3472 1209 3540 Horatius
1231 3472 1475 3544 dedicationem
1566 3515 1567 3528 ι

310 3571 487 3654 arripuisse
515 3573 625 3640 fertur.
677 3572 749 3652 Quo
780 3573 815 3640 id
843 3592 973 3657 quoque
1005 3581 1173 3642 mseoutus
1203 3581 1269 3658 est,
1303 3583 1339 3642 ut
1367 3579 1475 3645 minus
1566 3575 1567 3588 ¹

310 3673 461 3757 improba
475 3675 672 3758 viderentur,
689 3694 773 3758 quae
787 3675 829 3741 M.
846 3675 1005 3759 Valerius,
1028 3696 1093 3742 nou
1115 3677 1181 3744 iam
1203 3684 1316 3746 tonna
1338 3678 1473 3748 deorum
1566 3673 1567 3684 ’

310 3775 459 3859 deereta,
482 3776 541 3843 sed
563 3777 721 3844 adversus
744 3776 910 3844 homiuum
933 3778 1090 3845 invidiam
1113 3780 1299 3846 senabatur.
1344 3781 1472 3866 Nempe
1566 3841 1567 3852 ,

310 3878 408 3944 stiam
424 3879 581 3961 inpriore
597 3886 689 3962 parte
704 3881 896 3948 narrationis
912 3881 1058 3964 novavit,
1081 3881 1116 3946 id
1138 3881 1225 3964 quod
1249 3900 1291 3948 ex
1315 3888 1473 3954 memoria
1566 3859 1567 3950 f

397 4099 422 4160 l)
441 4093 481 4150 cf.
500 4093 615 4153 Munaer
631 4097 649 4153 l.
667 4098 686 4153 l.
705 4113 733 4166 p.
748 4101 787 4152 12.
