3270 4968
334 377 375 436 94
761 374 943 444 Engalbertus
959 375 1068 444 Drerup

332 551 482 635 proprias
503 550 669 631 lectiones,
698 548 891 631 intorques
919 548 1084 631 speciosas
1113 545 1272 630 quasdam
1299 547 1492 633 invenimus,
1612 599 1613 608 ,

332 652 521 720 servaverit.
564 649 732 717 Antidosis
754 655 863 716 numm
885 650 1042 718 memoria
1056 649 1234 716 consimilis
1250 653 1300 716 est
1312 650 1493 716 recensioni
1612 713 1613 744 ,

331 773 529 839 papyrorum
551 759 584 819 ct
598 753 793 835 Dionysiani
816 751 904 835 qnod
926 757 1061 819 vocatur
1085 752 1292 835 exemplaris,
1314 750 1492 835 dequibus
1612 775 1613 826 ι

331 858 394 924 bac
416 856 458 934 dc
481 873 579 923 cansa
600 855 709 921 statim
731 860 861 921 acturus
883 873 964 921 suns.
1008 853 1077 920 Sed
1098 873 1172 921 cum
1186 853 1367 920 orationum
1381 860 1489 937 partes

331 962 365 1026 in
385 957 527 1026 antidosi
548 957 665 1024 allatas
687 976 731 1025 ex
752 955 815 1024 hac
835 957 1024 1024 recensione
1046 962 1191 1040 sumptas
1213 973 1285 1022 esse
1313 957 1491 1023 verisimile

330 1083 394 1129 non
417 1061 460 1128 sit
481 1061 534 1136 (of.
557 1060 712 1127 orationis
734 1057 800 1136 „ad
821 1059 1011 1126 Nicoclem“
1033 1059 1156 1141 verba),
1184 1057 1343 1125 antidosis
1371 1079 1490 1125 memo·

329 1166 421 1248 riam,
451 1168 605 1247 qnantum
632 1161 765 1246 quidem
793 1161 837 1228 ad
859 1162 961 1229 verba
989 1180 1032 1226 ex
1059 1161 1134 1227 aliis
1163 1161 1361 1228 orationibus
1389 1163 1492 1244 petita

329 1268 480 1351 pertinet,
496 1285 569 1334 cnm
585 1265 699 1332 codice
715 1263 857 1347 quodam
873 1282 916 1331 cx
930 1282 1128 1348 papyrornm
1142 1263 1329 1330 recensione
1340 1264 1490 1330 collatam

330 1389 401 1437 csse
416 1376 506 1453 puto,
528 1373 702 1451 antequam
716 1367 820 1434 oratio
834 1366 899 1444 „de
913 1366 1170 1451 permutatione“
1185 1366 1220 1431 in
1235 1385 1351 1450 corpus
1374 1367 1490 1433 oratio·
1612 1409 1613 1412 =

329 1492 406 1538 num
423 1472 669 1552 Isocratearnm,
693 1469 781 1553 qnod
796 1469 962 1536 codicibus
984 1468 1122 1536 servatis
1144 1468 1263 1550 subest,
1285 1475 1418 1554 recepta
1439 1471 1490 1536 sit.

416 1775 576 1861 Optimus,
599 1777 654 1860 qui
676 1775 721 1842 ad
741 1795 801 1842 nos
824 1777 983 1861 pervenit,
1012 1789 1175 1858 papyrus
1196 1775 1378 1842 Isocratens
1403 1796 1489 1843 nunc
1612 1775 1613 1800 ¹

329 1878 362 1942 in
384 1897 496 1944 museo
519 1878 706 1944 Britannico
721 1878 882 1962 repositus
897 1879 1078 1944 orationem
1101 1876 1171 1954 „de
1192 1880 1314 1962 pace“
1336 1879 1489 1960 continet,

329 1981 420 2046 cuius
442 1980 649 2049 collationem
670 1980 707 2046 F.
730 1979 770 2046 (i.
792 1981 943 2064 Kenyon,
965 1981 1017 2046 vir
1031 1979 1247 2062 doctissimus,
1268 1980 1303 2044 in
1317 1979 1412 2062 libro,
1434 1983 1491 2064 qui

328 2081 512 2148 inscribitur
534 2081 714 2158 „Classical
736 2087 822 2148 texts
839 2082 921 2149 from
935 2082 1053 2166 papyri
1068 2081 1102 2148 in
1116 2079 1173 2146 the
1187 2080 1309 2148 British
1323 2089 1491 2150 musenm“
1612 2077 1613 2096 i

328 2202 413 2250 anno
439 2186 518 2249 1891
543 2183 666 2266 publici
689 2184 768 2250 iuris
790 2184 876 2250 fecit.
921 2182 1012 2250 Idem
1040 2202 1201 2268 papyrum
1223 2186 1329 2268 primo
1357 2204 1390 2268 p.
1414 2184 1489 2251 Ohr.

326 2305 357 2350 n.
381 2286 513 2352 saeculo
541 2285 708 2352 addictum
738 2285 880 2354 breviter
907 2285 1071 2368 describit,
1101 2303 1198 2368 quern
1226 2291 1354 2353 secutus
1383 2296 1490 2370 cnuto,
1612 2373 1613 2378 ἵ

326 2406 486 2470 papyrum
516 2408 538 2454 a
565 2387 692 2454 duobus
722 2387 863 2454 librariis
897 2393 1065 2454 exaratum
1098 2407 1179 2455 esse.
1224 2389 1343 2457 Postea
1376 2391 1490 2456 tertius
1612 2399 1613 2458 i

326 2488 479 2555 librarius
500 2509 662 2574 papyrum
685 2510 758 2556 cum
775 2491 841 2556 alio
858 2489 1000 2573 quodam
1016 2489 1164 2556 eiusdem
1178 2490 1246 2556 fere
1261 2491 1391 2573 gencrm
1405 2493 1489 2558 libro
1612 2489 1613 2502 ¹

327 2591 471 2674 contulit,
495 2591 537 2659 de
560 2611 624 2674 quo
638 2591 811 2676 postmodo
826 2591 971 2658 dicturus
985 2611 1066 2659 sum.
1104 2592 1220 2674 Doleo,
1244 2592 1332 2676 quod
1346 2611 1491 2677 papyrus
1612 2613 1613 2664 t

326 2691 469 2774 nondum
497 2699 648 2762 accurate
677 2693 859 2777 descriptus
888 2700 954 2776 est,
987 2715 1061 2761 oum
1089 2696 1178 2778 prior
1205 2713 1282 2778 pars
1311 2713 1416 2778 usque
1448 2695 1491 2761 ad
1612 2703 1613 2780 j

325 2797 344 2872 ξ
366 2797 405 2859 61
430 2795 540 2862 multis
562 2797 830 2880 gravissimisque
851 2797 977 2864 lacunis
998 2797 1134 2877 laboret,
1162 2815 1228 2878 qna
1255 2795 1297 2862 de
1320 2817 1420 2864 cansa
1441 2817 1491 2875 ea,
1612 2783 1613 2836 ἶ

327 2915 411 2979 qnae
433 2916 577 2982 papyrus
601 2897 795 2984 exhibuerit,
817 2899 951 2964 inventu
973 2896 1168 2963 difficillima
1188 2901 1272 2963 runt
1316 2897 1492 2966 Praeterea
1612 2893 1613 2918 ³

326 3017 368 3064 ne
390 3017 450 3066 eae
472 2999 606 3084 quidem
627 3002 794 3084 lectiones,
816 3018 897 3083 quas
918 3001 1059 3083 Kenyon
1080 3000 1135 3065 vel
1156 3018 1230 3065 cum
1244 2998 1413 3066 Urbinatis
1435 3003 1491 3067 vel

326 3121 399 3168 cnm
421 3103 556 3186 vulgata
576 3104 732 3170 memoria
754 3108 967 3186 congruentes
989 3100 1180 3184 composuit,
1204 3119 1315 3168 omncs
1330 3109 1489 3185 constant,

327 3205 404 3287 qnia
425 3205 565 3288 codices,
595 3208 652 3290 qui
673 3206 717 3273 ad
740 3204 824 3272 hanc
845 3204 1069 3288 quaestionem
1090 3203 1211 3285 valent,
1240 3221 1283 3268 ex
1304 3209 1398 3286 parte
1419 3211 1489 3271 tan·

326 3313 394 3372 tum
417 3308 547 3376 excussi
577 3313 677 3374 erant.
722 3306 942 3386 Quamobrem
970 3312 1070 3372 totam
1099 3305 1267 3372 materiem
1295 3307 1489 3389 rebactabo,

326 3411 519 3492 praesertim
541 3428 613 3476 cnm
627 3409 768 3492 Kenyon
788 3410 860 3494 ipse
874 3410 992 3476 multas
1007 3427 1110 3475 novas
1124 3407 1280 3475 lectiones
1295 3428 1339 3475 ex
1352 3411 1490 3492 portari·

327 3510 436 3576 oribus
458 3512 582 3596 papyri
598 3512 744 3594 partibus
767 3511 843 3578 inde
865 3531 887 3578 a
908 3512 984 3587 §62
1007 3508 1238 3578 humanissime
1253 3530 1381 3578 mecum
1403 3531 1490 3578 com·

327 3613 549 3678 manicaverit.

415 3716 466 3780 Ex
487 3716 617 3798 tabulis,
640 3735 721 3800 quas
742 3716 883 3800 Kenyon
910 3715 1059 3797 confecit,
1088 3716 1246 3783 lectiones
1273 3716 1392 3799 papyri
1415 3735 1491 3781 cum

329 3819 441 3888 codice
462 3823 495 3884 Γ
513 3821 689 3888 concordes
712 3821 863 3902 vulgatas
884 3839 1018 3887 numero
1044 3820 1143 3903 longe
1164 3837 1319 3902 superare
1341 3818 1490 3885 animad-
1612 3803 1613 3816 ¹

328 3928 445 3990 vertes.
490 3921 557 3988 Sed
578 3943 652 3990 cum
666 3923 806 4007 Kenyon
831 3925 891 3988 123
913 3923 1070 3989 lectiones
1093 3920 1340 4002 enumeraverit,
1363 3921 1491 3986 iteratis
1612 3937 1613 4000 ζ

329 4025 413 4091 curis
438 4025 499 4088 164
528 4025 675 4092 converri
703 4031 848 4109 possunt,
877 4027 1097 4108 quarum127
1127 4044 1199 4090 cnm
1221 4021 1348 4088 seclo
1377 4029 1493 4088 cosma

329 4134 367 4192 Λ
389 4126 512 4194 faciunt
533 4125 574 4193 iis
597 4127 790 4209 computatis
811 4127 903 4208 locis,
932 4127 1048 4210 quibus
1069 4126 1226 4193 antidosis
1247 4124 1406 4191 memoria
1433 4131 1493 4190 aut
