3270 4968
315 388 355 446 72
741 382 923 454 Engclbertus
940 383 1048 456 Dromp

316 558 371 625 ric*
398 557 460 643 τήν
480 556 558 625 τότε
581 563 805 644 γεγενημένην
837 560 1012 642 στρατείαν
1034 560 1196 621 τοσοῦτον
1222 558 1303 621 ΘΛ.
1348 561 1400 623 71.
1423 554 1473 633 εἰς

311 660 370 726 τὸν
391 657 493 726 αὐτόν
517 665 548 725 Γ
551 658 675 727 ιικατὰ
704 658 762 724 τὸν
785 650 887 724 αὐτὸν
919 661 1000 724 ΘΛ.
1044 661 1094 725 73.
1118 655 1181 742 τήν
1211 655 1312 723 πόλιν
1342 663 1374 723 Γ
1377 683 1384 726 :
1413 655 1473 742 τήν

313 761 413 828 πόλιν
436 759 497 847 τὴν
520 756 686 848 ἡμετέραν
713 763 792 825 ΘΛ.
838 764 888 826 79.
912 755 1074 844 ὁπότεροι
1096 756 1294 846 φθήσονται
1317 765 1349 824 Γ
1351 783 1360 828 :
1389 757 1474 826 ὁπό·

314 887 409 948 τεροι
431 861 510 940 τοὸς
533 862 671 948 ἑτέρους
700 861 897 951 φθήσονται
922 865 962 940 Θ,
993 854 1156 943 ὁπότεροι
1185 854 1404 946 όφθήσονται
1425 870 1474 927 A.

314 968 366 1034 83.
388 971 551 1031 τοσοῦτον
573 966 635 1048 μὲν
658 969 690 1030 Γ
693 989 701 1032 2
729 965 792 1048 μὲν
815 987 876 1033 om.
902 965 980 1028 ΘΛ.
1025 965 1077 1030 83.
1100 961 1201 1027 πόλιν
1231 967 1263 1028 Γ
1280 984 1345 1047 pn:
1373 961 1473 1028 πόλιν

320 1064 585 1152 στρατεύσαντες
602 1070 705 1132 ΘΛΓ
716 1087 797 1135 corr.
817 1073 846 1133 4.
884 1067 935 1132 84.
951 1060 1118 1148 ἐποίησαν
1137 1065 1220 1130 ΘαΓ
1230 1086 1280 1150 pr.
1296 1068 1475 1151 (πεποίην-

315 1193 372 1234 ται
393 1167 478 1250 A“):
507 1169 689 1234 κατέλιπον
724 1172 827 1233 ΘΑΓ
845 1187 925 1235 corr.
949 1172 979 1233 4.
1025 1169 1076 1234 85.
1100 1165 1185 1230 άλλὰ
1214 1166 1296 1250 περὶ
1319 1170 1352 1230 Γ
1354 1190 1362 1234 :
1391 1163 1474 1232 άλλὰ

314 1274 371 1336 καὶ
400 1271 481 1352 περὶ
514 1273 595 1337 ΘΛ.
640 1273 691 1336 91.
714 1267 878 1349 ἐξισῶσαι
908 1273 940 1332 Γ
942 1292 950 1335 :
980 1266 1018 1348 ἐξ
1045 1266 1122 1334 ἰ’σου
1152 1273 1364 1351 καταστῆσαι
1395 1271 1476 1334 ΘΛ.

315 1375 366 1437 91.
390 1377 655 1456 προαγαγέσθαι
685 1375 717 1436 Γ
720 1395 728 1437 :
757 1373 1044 1453 προσαγαγέσθαι
1076 1371 1156 1436 ΘΛ.
1201 1372 1253 1435 91.
1276 1367 1337 1436 ἐπὶ
1364 1369 1405 1435 τδ
1434 1375 1464 1436 Γ
1466 1395 1474 1436 :

315 1471 374 1538 ἐπὶ
395 1477 444 1557 τῶ
469 1475 570 1539 ΘΛ.4
594 1476 645 1539 92.
670 1471 847 1558 διήνεγκαν
871 1476 902 1537 Γ
904 1495 912 1537 r
936 1471 1122 1554 διενεγκεῖν
1147 1473 1228 1536 ΘΛ.

399 1575 499 1642 Cuius
514 1576 562 1642 roi
577 1575 662 1642 hanc
677 1595 836 1658 cognosco
852 1593 993 1656 cansam,
1017 1573 1104 1658 quod
1119 1573 1312 1641 lectionibus
1328 1573 1476 1641 codicum

319 1677 462 1742 ΘαΛαΓ
484 1678 568 1744 inter
596 1696 636 1744 sc.
660 1677 909 1760 congruentibus
939 1676 1045 1743 codcx
1076 1679 1106 1740 Θ
1135 1675 1266 1759 saepius
1294 1676 1475 1760 assentitur,

316 1799 388 1845 cum
410 1778 515 1846 codex
537 1783 576 1842 A
598 1779 804 1845 librariorum
825 1777 962 1844 libidine
984 1784 1040 1844 ant
1062 1775 1213 1844 socordis
1234 1783 1403 1860 corruptus
1425 1779 1476 1845 sit.

649 1879 756 1945 ΘαΛα
779 1899 853 1946 cum
875 1881 936 1943 ΓΘ
960 1885 1072 1946 contra
1093 1883 1146 1944 Λε
1432 1931 1439 1945 .

400 1982 446 2048 IV
474 1986 525 2048 51.
554 1983 628 2058 τοῖς
657 1977 842 2063 προγόνοις
875 1984 936 2046 ΓΘ
969 1982 1060 2060 (sc).
1093 1978 1173 2056 τούς
1205 1977 1396 2062 προγόνους
1429 1989 1478 2048 Λ.

318 2089 369 2152 55.
391 2089 451 2169 τῆς
473 2081 535 2150 ἐπὶ
557 2080 657 2165 (πρὸς
682 2085 712 2148 Θ
734 2102 793 2166 pr,
821 2102 901 2149 corr.
926 2086 957 2159 1)
985 2080 1098 2168 θήβας
1121 2079 1378 2166 δεδυστυχηκῶς
1401 2087 1432 2148 Γ
1432 2087 1479 2151 Θι

320 2183 574 2270 δεδυστυχηκῶς
596 2191 655 2271 τῆς
684 2179 742 2252 ἐπ’
775 2183 910 2269 άθήνας
938 2190 978 2248 Λ
1000 2205 1065 2269 ·pr.,
1099 2181 1159 2250 ἐπὶ
1191 2179 1305 2265 θήβας
1338 2205 1419 2252 corr.
1448 2190 1477 2252 2.

302 2292 369 2353 55.
386 2285 633 2368 καταλυόμενον
654 2289 731 2353 ΓΘὲ
754 2285 971 2368 καταλόωμεν
984 2292 1033 2364 A,
1057 2285 1096 2354 ci.
1112 2287 1340 2368 γιγνομένους.
1378 2291 1429 2354 56.
1446 2286 1479 2352 οἱ

319 2385 354 2452 δ’
379 2385 564 2475 ἡρακλέους
593 2387 715 2466 παῖδες
744 2391 775 2452 Γ
775 2391 822 2454 Θι
857 2385 891 2452 ολ
926 2385 963 2453 δὲ
993 2387 1118 2463 παῖδες
1146 2380 1328 2471 ήρακλέοος
1355 2394 1404 2466 A,
1438 2391 1478 2457 cf.

319 2495 413 2570 654.
457 2494 508 2556 57.
537 2494 591 2567 τίς
619 2523 661 2538 -
689 2488 888 2574 τολμήσειεν
918 2491 994 2555 ΓΘι
1022 2492 1183 2564 τίνες-
1210 2487 1413 2572 τολμήσαιεν
1440 2497 1481 2556 A

320 2593 390 2672 (sed
418 2593 517 2659 ctiam
540 2598 580 2657 A
604 2589 810 2674 παραλιπὼν
819 2593 851 2669 1).
896 2595 947 2658 57.
969 2585 1058 2676 πλήν
1086 2589 1166 2668 τοὺς
1188 2621 1230 2636 -
1253 2585 1431 2670 ἀξιοῦντας
1453 2596 1485 2657 Γ

321 2715 401 2762 corr.
426 2698 445 2760 3
471 2696 502 2758 Θ
527 2689 653 2771 (άξιοῦν
677 2697 708 2758 Γ
721 2691 800 2778 pr.):
822 2691 911 2774 πλὴν
927 2697 994 2756 τῶν
1016 2728 1058 2738 -
1081 2689 1264 2774 άξιοόντων
1278 2697 1328 2771 A,
1350 2701 1482 2780 propter

320 2802 387 2860 τῶν
410 2793 566 2880 ἑλλήνων.
611 2797 663 2862 58.
685 2793 749 2878 γὰρ
777 2793 930 2878 πόλεμον
954 2798 985 2860 Γ
985 2797 1032 2861 Θι
1064 2791 1129 2878 γὰρ
1163 2792 1221 2860 τὸν
1250 2790 1400 2875 πόλεμον
1432 2803 1480 2862 A.

321 2900 373 2963 59.
396 2902 463 2962 τῶν
486 2894 619 2980 ἔχθρων
641 2888 774 2960 ἅπανθ’
801 2901 832 2961 Γ
832 2900 878 2963 c:
906 2903 972 2960 τῶν
995 2894 1129 2980 έχθρων
1152 2893 1322 2978 κρατήσας
1344 2893 1480 2970 ἅπανθ’

320 3005 370 3066 A.
414 3001 465 3066 59.
493 2995 676 3082 γενόμενος
709 3003 741 3062 Γ
741 3001 786 3064 Θι
820 2996 967 3082 γεγονώς
993 3005 1042 3077 A,
1082 3000 1123 3065 cs.
1152 2998 1240 3074 Keil.
1268 2999 1353 3064 anal.
1383 3000 1482 3068 Isoor.

320 3122 355 3186 p.
381 3103 452 3166 128.
498 3104 549 3166 60.
574 3099 702 3185 καὶτῷ
725 3103 802 3168 ΓΘε
832 3102 890 3166 καὶ
912 3121 975 3169 our.
997 3106 1037 3164 A
1060 3105 1203 3186 (proptor
1224 3098 1387 3166 bomocot
1409 3109 1484 3186 post

322 3203 567 3286 καταστῆναι).
612 3205 663 3268 69.
686 3200 807 3283 έοχε(ν)
825 3206 856 3266 Γ
856 3205 902 3268 Θι
926 3197 994 3282 ελχε
1011 3207 1060 3267 Λ.
1104 3205 1156 3267 61.
1179 3195 1259 3284 ήμῑν
1283 3195 1484 3286 εὐεργεσιῶν

325 3305 404 3372 rc:
427 3304 627 3386 εὐεργεσιῶν
649 3299 727 3389 ἡμῖν
749 3311 800 3370 A.
846 3309 896 3371 61.
919 3302 1021 3370 πόλιν
1044 3302 1104 3389 τήν
1126 3301 1397 3384 λακεδαιμονίων
1413 3304 1485 3382 (λα-

324 3403 537 3487 κεδαιμόνων
552 3405 622 3482 Λα)
639 3408 671 3469 Γ
671 3407 717 3472 Θτ
739 3403 841 3472 πόλιν
855 3408 919 3470 τῶν
935 3404 1203 3486 λακεδαιμονέων
1218 3411 1268 3470 Λ.
1306 3408 1356 3472 62.
1381 3399 1486 3493 ὁρμη-

324 3513 446 3584 θέντες
475 3509 553 3572 ΓΘι
584 3499 796 3592 ὁρμηθέντες
825 3499 932 3574 αδτῶν
961 3505 995 3572 οἱ
1024 3505 1189 3590 πρόγονοι
1217 3512 1265 3571 A.
1312 3510 1364 3575 62.
1387 3532 1485 3594 γεγο-

325 3605 455 3688 νόσι(ν).
469 3612 500 3672 Γ
500 3611 545 3674 Θι
569 3611 765 3691 γενομένοις
786 3615 836 3689 A,
859 3611 899 3678 cf.
918 3612 1005 3687 §.59
1049 3611 1100 3675 62.
1123 3603 1239 3683 αὐτοῖς
1254 3612 1286 3671 Γ
1298 3611 1352 3688 (=
1367 3605 1485 3688 αόταῑς

330 3713 390 3789 Θ)ι
413 3707 547 3784 ἑαυτοῖς
568 3713 617 3775 A.
662 3711 714 3776 65.
737 3707 891 3788 οἰκιστάς
907 3714 984 3777 ΓΘι
1006 3706 1161 3787 οἰκιστὰς
1181 3711 1244 3794 τῆς
1266 3708 1422 3797 σπάρτης
1435 3721 1484 3781 A.

328 3813 379 3878 72.
402 3808 572 3892 ἑκατέρων
587 3814 618 3874 Γ
619 3813 665 3877 c:
687 3809 837 3896 ἑκατέρω
852 3819 901 3879 Λ.
947 3816 997 3879 72.
1019 3810 1078 3897 τήν
1101 3809 1206 3896 ἀρχὴν
1229 3817 1291 3897 τῆς
1312 3813 1485 3900 θαλάττης

328 3915 407 3980 ΓΘε
436 3913 497 3996 τῆς
525 3909 699 3998 θαλάττης
720 3913 782 3999 τήν
813 3911 916 4000 ἀρχὴν
938 3920 987 3978 A.
1033 3919 1083 3981 74.
1107 3904 1238 3996 μέγιστ’
1271 3910 1380 3982 αδτῶν
1410 3921 1442 3981 Γ
1441 3921 1485 3984 Θε

328 4019 471 4099 μέγιστα
492 4012 620 4079 τούτων
643 4020 692 4082 A.
737 4020 788 4082 75.
811 4021 1000 4099 γενομένων
1023 4019 1100 4083 ΓΘε
1122 4021 1351 4101 γεγενημένων
1373 4025 1422 4096 A,
1446 4018 1485 4087 cf.

331 4113 638 4182 δυναστευσάντων.
688 4121 739 4183 75.
766 4115 803 4185 ἐν
836 4116 980 4204 ἑκατέρᾳ
1015 4115 1147 4203 (ὁκατέρ
1184 4119 1214 4182 Θ
1247 4133 1306 4204 pr,
1340 4140 1421 4189 corr.
1453 4124 1485 4187 in
