3134 4986
275 442 277 448 y
308 363 372 424 ees
757 364 882 434 augum
901 365 1016 420 uacui

308 540 458 606 deremue
486 537 543 621 qui
570 536 613 604 ad
636 536 893 621 disquisitionem
914 543 1057 605 nostram
1079 541 1227 622 pertinet.
1261 537 1309 608 ef.
1326 561 1398 626 cap.
1414 541 1473 624 ΠΙ,

309 645 427 725 2¹sqqa
450 645 586 722 πρῶτον
607 635 752 724 μὲνγὰρ
776 630 829 706 ἀεὶ
851 632 949 716 ὄντος
969 641 1031 732 του
1052 638 1187 724 κόσμου,
1212 632 1394 726 ἀναγκαῖον
1417 645 1474 708 καὶ

307 741 448 829 τὰμέρη
465 735 567 806 αὐτοῦ
583 737 821 823 συνυπάρχειν·
845 741 931 824 λέγω
947 739 984 807 δὲ
999 745 1083 830 μέρη
1099 735 1251 828 οὐρανόν,
1273 745 1344 829 γῆν,
1360 741 1401 809 τὸ
1419 768 1474 826 με·

307 841 388 922 ταξὺ
404 841 546 909 τούτων·
563 839 581 908 ὃ
599 839 638 927 δὴ
654 840 887 927 μετάρσιον
900 844 957 910 καὶ
972 834 1085 929 ἇέριον
1100 833 1311 928 ὀνομάζεται.
1328 881 1373 892 -
1400 848 1475 910 Τῶν

309 947 346 1012 δὲ
368 948 477 1030 μερῶν
500 943 778 1029 ουνυπορχάντων
802 937 924 1031 ἀνάγκη
947 946 1005 1011 καὶ
1026 943 1068 1011 τὰ
1092 943 1356 1031 ἐμπεριεχόμενα
1379 967 1476 1012 συνυ-

308 1047 450 1133 πάρχειν
472 1043 595 1127 αὐτοῖς,
620 1039 752 1132 οὐρανῷ
765 1046 827 1129 μὲν
840 1038 945 1132 ἥλιον,
969 1045 1118 1135 σελήνην,
1142 1041 1305 1126 ἀπλανεῖς
1319 1073 1358 1114 τε
1375 1041 1477 1116 άστέ-

309 1175 370 1234 ρας
397 1151 454 1216 καὶ
482 1147 669 1236 πλανήτας·
702 1151 746 1234 τῇ
775 1147 812 1214 δὲ
833 1161 874 1236 νῇ
898 1147 981 1234 ζῷα,
1012 1148 1116 1235 φυτά,
1142 1149 1281 1235 χρυσόν,
1311 1147 1476 1238 άρμυρον·

308 1257 524 1337 μεταρσίῳ
548 1251 584 1316 δὲ
599 1253 655 1316 καὶ
671 1247 774 1335 deniq)
789 1249 976 1332 πνεύματα,
1000 1245 1132 1334 ἄνεμον,
1154 1241 1343 1340 μεταβολήν
1360 1251 1424 1319 ἐπὶ
1439 1253 1477 1319 τὸ

308 1352 532 1439 θερμότερον,
573 1350 760 1437 μεταβολὴν
796 1350 854 1418 ἐπὶ
890 1349 928 1418 τὸ
965 1351 1180 1438 ψυχρότερον.
1229 1353 1355 1434 Quibus
1390 1357 1479 1422 nihil

308 1457 414 1524 habeo
437 1458 525 1541 quod
546 1457 705 1538 adiciam,
733 1476 806 1523 oum
828 1457 899 1539 ipse
921 1464 1111 1540 personatus
1134 1455 1265 1524 Ocellus
1288 1459 1479 1542 interpretis

307 1578 439 1626 munere
460 1561 587 1626 functus
610 1560 666 1642 sit,
696 1565 731 1624 ut
752 1559 808 1642 qui
829 1559 873 1624 ad
895 1558 1125 1642 explicandum
1151 1555 1189 1624 τὸ
1212 1556 1396 1644 μετάρσιον
1421 1563 1479 1628 ad·
1529 1553 1531 1560 ’

308 1667 444 1745 poneret
464 1656 503 1725 τὸ
528 1657 651 1742 ἀέριον.
685 1661 787 1744 Igitur
807 1656 846 1725 τὸ
862 1657 1043 1742 μετάρσιον
1060 1662 1091 1728 ei
1106 1653 1347 1728 est‘sublimis’
1371 1665 1479 1746 regio,

308 1783 373 1847 qua
394 1764 494 1845 venti,
516 1764 665 1845 nebulae,
687 1764 799 1845 nubes,
823 1764 894 1829 sim.
917 1763 1129 1830 continentur.

394 1865 456 1930 Hic
479 1866 587 1931 statim
609 1865 786 1948 adiungam
801 1865 995 1948 Dionysium
1017 1865 1301 1932 Halicarnasseum
1322 1865 1379 1950 qui
1403 1868 1480 1950 ipsc

310 1985 439 2051 quoqne
461 1965 658 2032 adiectivum
680 1964 863 2051 μετάρσιος
885 1967 918 2032 in
940 1986 1045 2050 aequo
1061 1967 1155 2051 ponit
1170 1962 1282 2052 ἀέριος
1297 1967 1479 2036 adiectivo.

310 2069 359 2134 cf.
382 2069 460 2134 Exc.
486 2068 508 2132 l.
532 2067 620 2152 XVI,
643 2069 707 2134 vol.
724 2068 768 2132 IV
790 2089 823 2152 p.
839 2071 913 2150 221,
934 2071 1048 2152 lbsqq.
1072 2070 1207 2136 Kiessl.:
1236 2065 1274 2133 τὸ
1298 2067 1480 2154 κεραύνιον

309 2171 377 2254 πῦρ
412 2167 481 2234 εἴτε
515 2165 555 2254 δὴ
590 2166 745 2253 αἰθέριον
772 2171 828 2248 (lb.
852 2170 984 2236 vitiose:
1009 2167 1161 2253 αἴθριον)
1194 2168 1261 2236 εἴτε
1288 2163 1480 2255 μετάρσιόν

310 2271 411 2338 ἐστιν.
456 2271 521 2350 Qui
543 2271 694 2354 Dionysii
716 2272 807 2337 loeus
829 2271 905 2337 ideo
928 2272 1026 2338 valde
1048 2274 1201 2340 notabilis
1224 2280 1289 2356 est,
1319 2274 1412 2357 quod
1438 2295 1481 2341 ex

311 2396 350 2442 eo
380 2375 532 2442 discimus
556 2373 837 2459 Theophrasteum
866 2393 959 2440 usum
989 2375 1141 2442 vocabuli
1162 2373 1344 2457 μετάρσιος
1366 2377 1479 2458 primo

308 2499 338 2543 a.
362 2476 436 2542 Chr.
463 2483 528 2542 nat.
551 2477 682 2544 saeculo
704 2477 770 2540 iarn
793 2476 872 2542 satis
894 2477 1120 2560 pervolgatum
1142 2477 1259 2558 fuisse,
1283 2483 1397 2561 utpote
1424 2482 1482 2562 qui

309 2599 375 2644 nou
396 2579 500 2644 solum
521 2599 543 2644 a
563 2577 768 2662 philosophis
790 2587 905 2642 verum
928 2578 1026 2644 etiam
1048 2579 1091 2644 ab
1114 2578 1299 2644 hominibus
1322 2580 1482 2648 astudiis

309 2679 539 2764 philosophiae
568 2681 641 2763 plus
667 2680 774 2746 minus
795 2678 911 2746 alienis
933 2686 966 2746 et
987 2681 1178 2764 probaretur
1200 2686 1233 2746 et
1254 2679 1481 2747 adhiberetur.

396 2781 477 2849 (lum
509 2781 736 2866 Theophrasto
770 2781 869 2847 etiam
900 2782 1014 2848 Aetius
1043 2782 1122 2848 tacit
1150 2783 1206 2865 qui
1235 2783 1269 2846 in
1298 2787 1481 2867 prooemiis

307 2886 374 2952 suis
390 2919 432 2930 -
446 2903 587 2968 namque
601 2883 768 2969 prooemia
783 2884 974 2966 placitorum
989 2885 1138 2967 syllegae
1152 2884 1194 2950 ab
1206 2884 1279 2967 ipso
1291 2886 1387 2951 Aetio
1401 2907 1480 2953 eon·

309 2988 470 3053 sarcinata
484 2993 558 3053 sunt
573 2985 662 3064 (vide
677 2985 794 3051 Dielsii
808 2978 981 3068 ‘Doxogs’
999 3005 1032 3068 p.
1049 2987 1089 3049 56
1112 2988 1241 3069 proxx.)
1259 3019 1297 3030 —
1318 2987 1480 3054 adcurate

310 3088 464 3154 caelestia
481 3109 502 3154 a
516 3089 707 3156 sublimibus
724 3087 880 3170 dispescit
894 3089 988 3153 etita
1004 3086 1135 3170 quidem
1150 3095 1185 3154 ut
1200 3087 1282 3155 haee
1296 3086 1479 3174 μετάρσια,

307 3190 366 3256 illa
388 3181 529 3272 οὐράνια
550 3190 723 3274 adpellitet
744 3187 797 3265 (of.
819 3189 937 3256 Dielsii
956 3180 1129 3272 ‘Doxogn’
1154 3211 1187 3274 p.
1203 3192 1277 3272 364,
1293 3193 1423 3274 9sqq.).

394 3291 545 3358 Omnium
584 3298 692 3358 autern
732 3294 927 3376 quicumque
964 3289 1182 3374 Theophrasti
1217 3299 1373 3358 novatum
1407 3314 1477 3360 am-

310 3395 401 3476 plexi
430 3401 504 3461 suut
532 3394 629 3459 facile
653 3395 874 3460 nobilissimus
897 3399 947 3459 est
968 3391 1163 3460 Posidonius
1186 3395 1242 3476 qui
1265 3395 1292 3460 si
1315 3395 1478 3462 rationem

309 3505 489 3578 temporum
519 3500 646 3578 spectas
674 3497 796 3580 paullo·
814 3501 890 3561 aute
913 3495 1212 3562 commemorandus
1235 3501 1313 3562 erat.
1358 3497 1479 3582 Neque

307 3615 387 3664 vero
415 3617 488 3663 eum
519 3599 634 3665 ceteris
657 3597 875 3682 Theophrasti
903 3595 1044 3662 adscclis
1067 3598 1271 3680 interponere
1293 3598 1401 3664 visum
1428 3610 1479 3667 est

307 3700 386 3782 quia
413 3700 460 3764 uti
488 3719 602 3767 vocem
623 3700 798 3768 metarsion
820 3719 916 3766 sensu
938 3697 1184 3781 Theophrasteo
1207 3701 1395 3782 usurpavit,
1430 3703 1476 3768 ita

307 3802 341 3866 in
363 3821 444 3867 voce
466 3809 632 3868 meteoron
654 3803 752 3868 aliam
774 3807 969 3885 potestatem
991 3801 1097 3866 inesse
1120 3800 1223 3866 voluit
1243 3806 1342 3883 atque
1363 3801 1473 3886 philo-

307 3901 429 3984 sophus
452 3904 592 3971 Eresius.
637 3905 796 3970 Nimirum
818 3902 1013 3970 Posidonius
1039 3903 1072 3967 in
1095 3900 1282 3968 adhibendo
1305 3911 1475 3972 meteoron

308 4005 468 4071 vocabulo
497 4025 553 4073 eos
583 4013 712 4073 secutus
741 4005 869 4089 estqui
892 4011 1036 4071 meteora
1057 4005 1283 4086 intellegerent
1305 4005 1474 4072 caelestia

307 4105 427 4172 Verum
449 4108 515 4174 iam
536 4106 580 4172 ad
603 4106 730 4190 singula
751 4107 921 4192 probanda
942 4105 1186 4174 descendamus.
