3170 4984
318 347 380 406 242
797 345 862 402 Otto
881 345 1011 406 Boclrsch

405 520 584 605 Dionysius
596 520 703 603 igitur,
716 537 912 603 quamquam
924 539 997 586 enm
1009 525 1183 602 auctorem,
1196 538 1292 603 quem
1304 519 1487 586 atvs—19

318 629 351 690 et
374 623 403 688 V
425 625 551 690 21-35
583 620 796 707 principalem
828 619 943 688 ducem
966 621 1096 688 videtur
1125 628 1254 690 secutus
1283 640 1371 704 esse,
1403 625 1487 688 tanti

317 725 470 808 iaciebat,
486 729 521 790 nt
532 724 630 792 etiam
646 724 679 790 in
690 723 757 789 alio
773 728 953 808 temporum
965 723 1080 790 ordine
1095 723 1183 791 illins
1197 723 1486 792 narrationem

318 827 486 909 retineret,
510 832 618 892 tamen
641 825 711 892 eins
732 822 863 892 fastos
885 825 1007 892 reiecit.
1051 824 1167 908 Neque
1190 825 1224 892 id
1249 825 1374 894 mirum.
1419 825 1485 891 Per

317 947 353 998 se
377 928 478 1010 enim,
509 927 637 995 etiamsi
660 926 853 1010 Dionysium
880 926 998 999 librum
1027 926 1190 1010 quendam
1217 928 1418 1012 peculiarem
1442 927 1484 994 de

317 1029 516 1113 temporibus
528 1028 683 1096 Romanis
693 1027 736 1094 ad
745 1028 889 1096 Graecos
899 1027 1185 1097 accommodandis
1198 1029 1366 1114 scripsisse
1378 1029 1482 1104 nesci·

316 1150 435 1214 remus,
459 1136 709 1202 consentaneum
733 1137 819 1199 esset
841 1135 949 1196 ranae
972 1130 1163 1214 diligentiae
1178 1137 1353 1214 auctorem,
1377 1130 1482 1215 prins·

317 1251 415 1315 qnam
438 1231 606 1301 historiam
625 1233 803 1298 Romanam
827 1231 1003 1306 secundnm
1026 1231 1231 1317 olympiades
1254 1239 1287 1298 et
1308 1231 1481 1300 archontes

314 1333 562 1403 Atheniensium
592 1333 783 1418 dispositam
813 1334 1015 1402 conscribere
1043 1334 1216 1417 inciperet,
1249 1340 1347 1400 antea
1376 1340 1481 1403 certos

313 1435 473 1519 quosdam
494 1436 595 1504 fastos
610 1455 683 1502 cnm
697 1435 831 1502 Graecis
847 1434 1098 1520 olympiadibus,
1121 1437 1364 1520 magistratibus
1379 1435 1481 1503 Athe·

315 1538 482 1608 aiensibus
506 1538 693 1605 coniunctos
716 1538 779 1606 sibi
802 1538 1017 1607 constituisse.
1062 1537 1117 1605 Sic
1147 1539 1245 1622 igitur
1271 1538 1392 1606 tactum
1421 1545 1480 1621 est,

307 1629 350 1706 ¹ut
371 1659 444 1707 cnm
468 1641 501 1711 in
517 1660 557 1706 eo
573 1645 668 1723 esset,
692 1645 727 1706 ut
749 1639 870 1707 bellum
885 1640 1057 1706 Etruscum
1073 1646 1248 1718 enarraret,
1269 1639 1334 1706 nisi
1350 1659 1480 1705 omnem

316 1742 463 1814 ordinem
486 1743 588 1810 semel
603 1743 820 1825 constitutum,
844 1743 942 1810 etiam
965 1742 1169 1826 sequentium
1191 1747 1383 1824 temporum,
1407 1759 1480 1823 per-

314 1845 443 1914 turbare
466 1846 581 1928 vellet,
610 1844 694 1913 alios
717 1844 817 1910 fastos
840 1845 903 1912 sibi
926 1842 1109 1928 sequendos
1133 1842 1278 1927 rideret,
1308 1843 1394 1910 alios
1422 1862 1479 1906 an·

313 1947 452 2028 nulium,
490 1965 571 2030 quos
605 1945 827 2028 exscribebat,
861 1947 1038 2012 narrationi
1072 1946 1270 2015 substractos
1307 1944 1477 2012 inveniret

313 2047 464 2117 Ceterum
487 2048 643 2132 templum
666 2047 883 2132 capitolinum
906 2049 1001 2116 tertio
1024 2047 1147 2114 liberae
1170 2046 1369 2130 reipublicae
1392 2065 1479 2112 anno

312 2150 497 2218 dedicatum
520 2171 603 2234 esre,
627 2170 691 2233 qua
714 2150 747 2214 in
770 2169 805 2216 re
828 2150 1006 2233 Dionysius
1022 2149 1050 2216 V
1066 2150 1106 2214 35
1130 2149 1172 2214 ab
1196 2149 1344 2216 omnibus
1360 2151 1479 2218 ceteris

311 2253 524 2337 scriptoribus
539 2252 712 2335 discrepat,
736 2252 801 2318 iam
818 2252 913 2318 Dion.
930 2251 978 2316 III
994 2255 1035 2318 69
1051 2257 1083 2317 et
1098 2251 1142 2316 IV
1158 2253 1196 2317 61
1217 2252 1366 2334 legimus.
1405 2250 1480 2330 Qua

311 2374 353 2424 es
375 2373 411 2420 re
433 2361 571 2439 apparet
593 2354 691 2420 etiam
713 2353 755 2422 de
777 2354 880 2438 ipsius
903 2352 1119 2422 dedicationis
1145 2359 1289 2438 tempore
1319 2355 1385 2420 iam
1408 2359 1479 2422 tum

310 2456 538 2540 disquisitione
553 2457 639 2526 tacta
653 2462 768 2540 postea
784 2455 977 2539 Dionysium
993 2455 1185 2540 impeditum
1202 2476 1283 2538 esse,
1304 2457 1479 2540 quominus

310 2559 402 2640 illnm
418 2564 593 2642 auctorem,
617 2579 658 2625 ex
674 2577 738 2642 quo
754 2559 833 2624 belli
848 2558 974 2626 Etrusci
989 2558 1206 2626 narrationem
1220 2559 1339 2642 petivit
1353 2560 1478 2644 quique

308 2661 411 2731 altero
439 2661 487 2726 rai
516 2660 604 2743 publ.
628 2681 713 2726 anno
742 2661 899 2745 templum
922 2660 1108 2728 dedicatum
1131 2659 1275 2744 tradidit,
1298 2682 1371 2747 cap.
1388 2663 1419 2728 V
1437 2668 1477 2732 35

308 2769 506 2847 sequeretur.
558 2764 666 2846 Atque
695 2782 756 2846 ego
787 2763 919 2846 quidem
948 2763 1140 2830 coniecerim
1175 2762 1209 2828 in
1242 2762 1315 2847 ipso
1344 2766 1478 2834 illorum

308 2865 464 2932 fastorum
480 2865 697 2934 Romanomm
714 2865 905 2948 exemplari,
921 2884 1002 2947 quos
1015 2885 1057 2931 ex
1073 2864 1236 2950 prioribus
1251 2865 1368 2933 studiis
1381 2887 1476 2950 prae·

308 2966 461 3034 ferendos
476 2968 593 3035 ceteris
609 2968 773 3036 memoriis
786 2986 858 3034 esse
873 2967 1086 3049 indicaverat,
1102 2966 1216 3051 templi
1232 2966 1478 3036 dedicationem

306 3067 350 3136 ad
373 3068 502 3136 tertium
525 3070 581 3136 lib.
605 3071 653 3136 rei
675 3090 707 3154 p.
731 3089 849 3136 annum
872 3069 1060 3136 adnotatam
1082 3069 1193 3136 fnisse.
1238 3067 1370 3136 Certum
1394 3091 1475 3139 sane

307 3169 470 3254 quendam
492 3171 682 3255 scriptoram
705 3172 901 3255 Romanum,
925 3171 981 3254 qui
1004 3170 1117 3254 templi
1140 3169 1317 3255 Capitolini
1340 3171 1475 3240 dedica·
1561 3193 1562 3203 ¹

307 3275 427 3339 tionem
449 3271 492 3337 ad
515 3273 644 3339 tertium
667 3274 791 3340 liberae
818 3274 866 3339 rei
895 3273 1046 3356 publicae
1069 3292 1186 3338 annum
1209 3273 1386 3357 rettulerit,
1415 3295 1475 3341 uos

306 3374 438 3460 quidem
460 3393 525 3439 non
547 3393 718 3466 possumus
741 3395 927 3460 agnoscere.
971 3375 1056 3440 Nam
1079 3380 1191 3440 auctor
1213 3393 1234 3438 a
1256 3373 1419 3460 Dionysio
1444 3384 1476 3442 et

306 3475 348 3541 de
370 3475 457 3542 bello
475 3475 608 3542 Etrusco
624 3483 657 3542 et
673 3476 714 3543 de
731 3477 803 3563 ipsa
818 3477 1024 3544 dedicatione
1040 3476 1221 3560 exscriptus
1237 3477 1330 3542 alteri
1346 3477 1474 3546 liberae

305 3577 463 3661 reipubl.
487 3597 572 3645 anno
596 3597 668 3646 eam
691 3580 818 3662 tribuit,
842 3579 878 3646 L.
902 3579 1033 3646 Cincius
1055 3578 1238 3660 Alimentus
1265 3584 1298 3644 et
1320 3578 1473 3648 Valerius

304 3678 419 3745 Antias
442 3686 475 3744 et
496 3679 582 3744 Livii
604 3686 717 3748 auctor
732 3681 775 3747 ad
797 3683 936 3765 primum
957 3685 1178 3746 narraverunt.
1215 3679 1370 3746 Attamen
1393 3683 1473 3765 quin

304 3799 420 3847 revera
441 3780 575 3864 inerint,
606 3783 662 3865 qni
688 3783 784 3849 tertio
807 3803 879 3850 eam
901 3782 1121 3865 assignarent,
1151 3781 1179 3848 is
1209 3801 1274 3848 non
1297 3781 1471 3865 dubitabit,

305 3883 360 3968 qni
389 3881 552 3968 quomodo
575 3883 686 3948 variae
715 3882 829 3951 horum
851 3903 1007 3950 annorum
1036 3884 1212 3950 memoriae
1241 3883 1307 3950 alia
1336 3886 1473 3960 exalia

304 3990 393 4051 ortae
416 3984 489 4067 sint,
513 4004 638 4052 mecum
661 3987 899 4072 perquisiverit.
