3170 4984
234 403 277 458 De
293 403 416 460 lontibus
433 403 559 474 Dionysii
576 399 826 459 Halicarnassensis
844 398 1018 470 quaestiones
1037 400 1135 454 sanae.
1208 401 1270 460 241

110 576 250 661 primum
273 576 308 642 in
329 575 434 643 libera
455 597 491 643 re
512 577 645 661 publica
665 594 797 642 censum
818 573 964 641 habitum
986 573 1174 640 tradiderat
1211 574 1271 640 Ar·

110 679 192 744 tiore
222 696 300 746 sane
323 679 416 760 quasi
446 679 647 762 cognationis
674 677 805 744 vinculo
827 674 978 760 Dionysii
1005 676 1128 761 primus
1157 695 1272 746 census

111 798 183 844 cum
206 799 245 845 ec
267 777 400 844 videtur
421 779 606 862 cohaerere,
629 797 725 862 quem
746 777 862 844 Antias
884 783 967 844 teste
982 775 1157 844 Plutarcho
1180 777 1272 844 exhi·

110 881 189 946 buit.
226 879 266 945 Id
289 881 375 946 eninr
397 881 532 948 interest
553 882 636 947 inter
657 879 776 945 Licinii
797 879 905 958 (Dion.
920 878 950 944 V
965 881 1018 955 75)
1041 877 1083 945 de
1102 899 1200 946 censu
1216 900 1272 946 ex·

109 981 305 1065 positionem
328 988 361 1048 et
382 1001 464 1064 eam,
488 1003 585 1066 quam
606 987 639 1048 et
660 981 693 1046 in
716 980 812 1046 Dion.
835 979 920 1044 vio
944 979 1045 1047 habes
1068 985 1101 1046 et
1122 999 1165 1046 ex
1187 981 1271 1048 Plut

109 1080 202 1147 Publ.
222 1086 261 1148 12
284 1083 422 1166 colligis,
446 1083 533 1168 quod
555 1083 607 1150 his
629 1083 710 1149 locis
731 1100 792 1166 pro
808 1099 906 1148 censu
929 1082 1028 1148 etiam
1051 1082 1171 1148 tributa
1193 1084 1272 1150 civi·

109 1183 169 1249 bus
194 1183 353 1267 imperata
375 1204 447 1252 esse
470 1185 624 1251 ducamur
635 1185 665 1263 ¹),
689 1183 784 1250 Dion.
801 1181 830 1248 V
846 1187 886 1247 75
909 1189 1018 1250 autem
1040 1183 1123 1250 nihil
1145 1183 1188 1250 de
1210 1184 1273 1252 hac

109 1303 145 1349 re
167 1283 327 1350 andimus.
369 1277 582 1369 ‘Sigliuriam'
609 1305 737 1369 qnoque
760 1285 921 1351 coloniam
944 1286 1100 1352 monitam
1124 1289 1172 1365 (nt
1195 1287 1273 1353 Dio·

108 1388 222 1469 nysius
244 1385 274 1451 V
295 1388 337 1450 20
363 1377 589 1469 ‘Signurinm'l
618 1385 810 1454 Plutarchus
839 1386 932 1452 Publ.
958 1390 997 1451 16
1027 1387 1157 1454 incunte
1185 1387 1273 1455 bello

108 1487 255 1570 Etrusco,
279 1489 300 1553 i.
324 1507 352 1554 e.
376 1509 406 1554 a.
430 1487 567 1567 aculeos
590 1489 696 1555 refert.
741 1489 785 1553 At
810 1493 946 1572 uterque
969 1488 1011 1555 dc
1033 1487 1096 1555 hac
1117 1509 1152 1555 re
1175 1509 1273 1572 quae-

108 1589 184 1654 dam
208 1587 316 1674 babet,
340 1609 424 1674 qnae
446 1591 535 1675 apud
559 1590 696 1656 alterum
718 1589 952 1656 desiderantur.
989 1590 1075 1656 Nam
1097 1589 1273 1659 Plutarcho

108 1697 241 1757 anctore
263 1690 413 1758 Valerius
435 1691 605 1758 Publicola
632 1692 720 1757 nullo
743 1691 810 1758 alio
838 1692 972 1758 consilio
996 1693 1087 1758 illam
1110 1694 1271 1759 coloniam

109 1789 248 1858 deduxit
256 1795 290 1876 ²),
313 1793 376 1860 nisi
391 1799 426 1859 ut
440 1793 639 1859 Porsennam
661 1793 726 1858 iam
741 1795 862 1859 bellum
878 1794 1069 1862 inferentem
1090 1795 1273 1861 temeritate

107 1913 145 1959 ae
173 1895 347 1961 securitate
375 1901 570 1980 perterreret
599 1891 813 1977 (decidamus
842 1896 891 1980 τῷ
921 1891 1114 1982 φρονήματι
1136 1897 1273 1981 πρῶτον

107 1987 395 2079 inspiciendos),
419 2005 531 2064 contra
552 1997 581 2063 si
596 1995 790 2082 Dionysium
812 1997 917 2080 audis,
939 1997 1097 2064 adversus
1112 1997 1272 2066 Hernicos

106 2104 138 2163 et
159 2099 307 2179 Latinos,
333 2118 355 2163 a
376 2098 493 2181 quibus
515 2097 638 2165 bellum
660 2100 842 2182 timebatur,
866 2100 994 2167 colonia
1017 2101 1191 2166 constituta
1213 2105 1273 2167 est.

105 2199 255 2283 Accedit,
271 2199 360 2283 quod
374 2199 523 2267 Valerius
539 2200 653 2268 Antias
668 2203 733 2268 iarn
748 2223 778 2267 a.
795 2203 934 2281 tacteus
951 2220 1093 2284 censum,
1109 2221 1131 2266 a
1141 2202 1273 2269 Valerio

107 2300 278 2369 Publicola
300 2302 370 2367 sine
393 2300 513 2384 dnbio,
535 2303 718 2369 restitutum
742 2321 814 2368 esse
836 2301 965 2368 videtur
987 2302 1176 2387 tradidisse,
1201 2324 1273 2370 oum

110 2401 304 2470 Plutarchus
327 2403 361 2468 in
383 2403 456 2486 ipsa
478 2405 662 2470 narratione
685 2404 727 2470 de
750 2403 813 2470 hoo
835 2423 920 2469 anno
942 2405 1123 2488 composita
1144 2406 1272 2472 referat.

107 2500 240 2580 Quare
264 2522 413 2570 censeo
436 2504 684 2590 Dionysium
706 2505 863 2589 capitis
885 2504 915 2571 V
937 2507 984 2569 20
1007 2511 1130 2571 tenue
1151 2527 1272 2590 argu·

108 2613 286 2672 mentum
309 2625 440 2688 neque
464 2626 512 2672 ex
534 2615 703 2674 auctore
726 2607 907 2691 capitum
929 2607 957 2672 V
979 2609 1118 2672 21-35
1141 2628 1272 2693 neque

108 2724 156 2770 ex
178 2707 345 2774 Licinio
372 2727 504 2791 neque
534 2728 582 2774 ex
603 2709 791 2791 Antiate,
820 2707 893 2774 sed
922 2727 971 2775 ex
992 2709 1077 2775 alio
1100 2711 1273 2793 quodam

106 2811 316 2885 auctorei)
337 2810 544 2892 petivisse
573 2810 672 2894 idque
695 2811 756 2893 ita,
784 2816 820 2875 nt
842 2829 885 2876 ex
909 2811 1049 2894 largiore
1072 2812 1142 2878 eius
1163 2833 1272 2879 narra·

108 2907 194 2974 tione
216 2907 260 2974 de
283 2911 420 2991 aculeus
443 2911 464 2975 i.
489 2931 517 2978 e.
541 2913 648 2995 priore
670 2912 751 2978 belli
773 2911 958 2979 Porsennae
980 2933 1075 2998 anno,
1103 2933 1186 2997 quae
1209 2915 1273 2980 sibi

108 3011 179 3076 usui
201 3018 321 3095 essent,
344 3019 535 3097 excerperet
558 3012 759 3097 eundemque
782 3005 918 3080 forsitan
939 3016 1055 3083 Antias
1076 3015 1174 3098 adiit,
1198 3035 1272 3082 can·

108 3129 176 3176 sum
198 3133 279 3180 vero
302 3133 361 3180 suo
377 3115 478 3181 Marte
501 3116 534 3180 in
557 3115 696 3198 primurn
719 3116 775 3181 lib.
798 3116 846 3182 rai
868 3135 900 3199 p.
923 3136 1042 3183 annum
1064 3119 1272 3202 transposuit,

107 3218 143 3276 nt
163 3213 296 3282 Valerio
319 3215 511 3284 Publicolae
534 3217 606 3284 sine
628 3218 755 3300 collega
778 3219 903 3284 consuli
924 3220 1142 3297 ascriberem)

194 3386 219 3450 1)
236 3381 403 3438 Plutarchus
414 3385 486 3437 enim
498 3382 586 3449 (Publ
601 3387 643 3450 11)
660 3400 716 3438 una
734 3400 796 3439 aum
815 3383 931 3452 (primis)
948 3385 1139 3454 quaestoribus
1156 3385 1271 3441 aerariis

108 3463 270 3520 tributorum
293 3467 486 3536 exigendarum
508 3472 536 3522 et
558 3467 801 3538 dispensandorum
825 3483 911 3524 causa
930 3469 1064 3525 institutis
1088 3471 1168 3540 primi
1189 3471 1218 3526 in
1240 3486 1272 3526 re

107 3549 217 3612 publica
235 3565 334 3606 census
351 3553 515 3607 mentionem
532 3552 608 3607 iacit.

193 3638 220 3701 2)
237 3635 280 3689 Na
296 3635 325 3690 id
345 3637 451 3704 quiden
469 3639 551 3706 plane
569 3653 632 3692 cum
648 3637 773 3708 Dionysii
790 3640 947 3694 narratione
965 3639 1105 3705 convenit,
1123 3640 1195 3708 quod
1212 3646 1273 3696 tum

109 3715 214 3773 densum
232 3719 351 3776 deducta
368 3737 428 3777 essa
446 3722 556 3789 dicitur,
574 3737 636 3776 cum
653 3723 699 3778 bic
711 3737 771 3778 earu
790 3723 845 3778 iarn
857 3729 938 3778 antea
951 3723 1090 3780 conditam
1107 3737 1166 3780 esse
1178 3726 1270 3782 videa·

108 3805 152 3856 tur
169 3807 276 3872 putare.

195 3890 221 3954 3)
240 3888 371 3956 Quisnam
388 3891 412 3944 is
429 3890 521 3958 fuerit,
539 3892 664 3961 equidem
681 3907 736 3946 non
756 3907 833 3948 curo.
863 3893 892 3947 Si
908 3899 1000 3948 tamen
1018 3893 1137 3963 nomina,
1155 3911 1224 3964 quae
1241 3896 1270 3951 in

110 3969 210 4026 talibus
229 3975 437 4042 quaestionibus
460 3991 567 4045 semper
583 3975 640 4030 iere
657 3976 761 4031 incerta
779 3979 857 4043 sunt,
875 3976 1058 4044 desiderares,
1077 3977 1126 4035 (lu.
1146 3979 1226 4034 Gellii
1243 3986 1272 4033 ta

109 4068 254 4112 monerem.
291 4056 332 4113 ci.
351 4075 435 4130 supra
451 4077 480 4129 p.
495 4065 553 4130 168,
574 4065 632 4126 trs,
650 4061 714 4116 adn.

196 4145 222 4208 4)
240 4141 372 4199 (iunioras
390 4150 490 4213 tamen,
508 4161 579 4214 quae
598 4145 773 4201 adnotatione
787 4149 814 4213 3)
831 4146 866 4202 ad
884 4162 911 4215 p.
924 4151 974 4202 2³6
991 4150 1116 4218 exposui.

160 4232 274 4289 tsryngsn
287 4234 390 4281 Studien.
414 4237 490 4282 XVII.
1084 4237 1116 4288 16
