3318 4970
480 371 522 426 De
539 370 643 440 legione
660 369 845 426 Romanorum
862 370 884 426 l.
903 370 1051 427 Adiutrice.
1207 373 1214 384 '
1303 370 1343 430 39

188 546 273 612 Nam
298 564 369 611 cum
397 541 568 610 Aschbacb
582 546 604 619 ¹)
634 548 666 609 et
693 541 901 627 Rittorlingi)
930 543 1091 630 legionem
1118 563 1203 610 anno
1227 549 1277 610 70.
1301 543 1344 611 ad

188 647 310 715 bellum
333 647 527 712 Batavorum
550 665 592 710 ex
607 645 764 729 Hispania
788 646 918 712 missam
942 666 1013 714 esse
1036 645 1155 728 dioaut,
1179 645 1344 726 Pfitzner³)

189 751 277 816 bello
300 748 456 822 Batarico
479 753 609 829 peracto
633 765 704 813 eam
728 748 761 812 in
783 745 990 813 Germaniam
1013 749 1142 815 vonisse
1164 748 1329 814 contendit

190 853 224 916 in
246 871 285 918 eo
307 857 415 918 tamen
439 868 549 916 omnes
572 849 782 932 consentiunt,
813 845 900 931 quod
927 849 1089 933 legionem
1118 848 1193 916 inde
1216 870 1237 916 a
1259 850 1345 917 bello

189 952 347 1019 Batavioo
369 951 562 1018 Germaniae
584 950 743 1034 superiori
765 950 951 1016 attributam
972 952 1073 1020 fuisse
1096 951 1238 1019 credunt.
1276 952 1345 1018 lam

189 1075 269 1121 vero
291 1054 468 1120 Mommsen
478 1056 502 1127 ⁴)
525 1072 607 1134 eam,
636 1057 807 1135 postquam
836 1052 869 1116 in
891 1050 1051 1119 seditione
1073 1051 1218 1120 sedanda
1238 1060 1346 1137 partes

191 1139 321 1240 egisset,
344 1157 377 1221 in
400 1155 600 1239 provinciam
621 1153 813 1236 Hispaniam
835 1154 1003 1220 remissam
1026 1173 1098 1222 esse
1121 1155 1240 1222 statuit.

278 1258 328 1323 Ex
361 1277 424 1341 quo
457 1257 662 1340 perspicuum
697 1262 746 1322 est
779 1255 852 1322 illos
886 1257 973 1323 viros
1003 1257 1085 1323 inter
1113 1276 1147 1323 se
1177 1255 1347 1323 dissentire

191 1364 375 1444 propterea,
408 1357 496 1442 quod
523 1377 587 1422 non
621 1357 797 1438 constabat,
831 1363 936 1424 utrum
966 1358 1053 1441 legio
1083 1359 1168 1425 bello
1192 1357 1347 1425 Batavioo

191 1462 389 1530 interfuisset
410 1479 521 1528 necne.
559 1457 716 1536 Quoniam
739 1465 846 1524 autem
870 1479 942 1526 eam
964 1480 1049 1526 anno
1066 1464 1116 1524 70.
1134 1478 1175 1526 ox
1190 1459 1349 1544 Hispania

191 1583 255 1631 non
278 1563 456 1630 decessisse
479 1581 577 1645 supra
599 1561 796 1643 argumentis
819 1562 987 1628 statuimus
1010 1561 1220 1646 gravissimis,
1251 1561 1348 1628 facile

191 1665 399 1748 intellegitur,
415 1683 487 1730 cum
503 1663 560 1729 illo
575 1681 659 1729 anuo
675 1668 780 1729 cestra
795 1683 858 1729 non
873 1664 1055 1746 mutaverit,
1077 1663 1169 1729 annis
1185 1662 1271 1728 bello
1288 1663 1348 1728 Ba·

192 1768 299 1834 tavioo
321 1765 552 1850 posterioribus
575 1783 617 1830 ex
639 1766 807 1846 provincia
829 1784 888 1831 sua
909 1771 1079 1831 avocatam
1101 1786 1164 1832 non
1188 1784 1268 1831 esse.

278 1866 372 1946 Quod
406 1886 518 1934 verum
552 1884 624 1933 esse
656 1873 691 1932 ut
724 1865 903 1950 credamus,
938 1885 977 1932 ea
1009 1867 1082 1950 ipsa
1115 1865 1349 1932 deliberatione

194 1989 433 2038 commovemur
455 1969 618 2034 Romanos
640 1965 785 2034 hostibus
807 1968 927 2051 ubique
954 1966 1134 2052 profligatis
1163 1974 1270 2036 tamen
1293 1968 1348 2032 Hi·

194 2074 340 2157 spaniam
372 2071 475 2155 copiis
503 2070 600 2153 plane
628 2068 750 2136 nudare
778 2069 920 2136 nondum
943 2089 1039 2137 ausos
1062 2088 1134 2138 esse
1156 2088 1261 2153 neque
1283 2076 1349 2136 tum

193 2195 327 2260 usquam
359 2175 458 2240 aliam
492 2172 653 2256 legionem
686 2178 815 2255 praesto
844 2173 953 2256 fuisse,
988 2192 1071 2256 quae
1100 2174 1130 2239 ei
1163 2173 1351 2256 provinciae

192 2276 401 2362 praesideret

279 2377 351 2456 Qua
373 2376 414 2444 de
436 2397 472 2444 re
494 2396 688 2461 quamquam
712 2377 931 2444 controversia
953 2396 1016 2442 non
1039 2382 1098 2460 est,
1124 2383 1231 2442 tamen
1254 2375 1352 2444 valde

194 2481 299 2566 doleo,
330 2478 418 2562 quod
445 2497 551 2561 neque
579 2497 686 2544 rerum
713 2479 860 2562 scriptor,
889 2477 1044 2559 quamdiu
1073 2477 1160 2560 legio
1183 2477 1228 2544 ibi
1251 2485 1351 2544 teten-

193 2583 287 2666 derit,
309 2581 484 2650 memoriae
506 2579 661 2671 prodidit,
684 2597 789 2662 neque
812 2577 897 2643 tituli
919 2579 1040 2661 reperti
1062 2582 1172 2664 sonti),
1195 2581 1260 2664 qui,
1283 2580 1352 2648 nbi·

192 2704 268 2752 nam
297 2691 403 2751 castra
418 2680 589 2764 babuerit,
619 2681 697 2764 quid
726 2681 759 2745 in
786 2679 883 2764 bello,
914 2679 992 2764 quid
1022 2681 1055 2746 in
1078 2699 1159 2766 pace
1180 2682 1353 2766 perfecerit

193 2786 291 2872 legio,
315 2785 461 2852 doceant.

280 2889 395 2972 Itaque
424 2905 495 2954 cum
525 2904 576 2952 res
605 2886 651 2950 ita
673 2905 708 2952 se
731 2883 859 2965 babeat,
882 2882 917 2948 id
940 2888 1061 2950 tantum
1084 2883 1244 2952 affirmare
1266 2887 1352 2969 licet,

193 2993 270 3060 inde
295 2991 343 3057 'ab
366 3008 449 3055 anno
473 2991 524 3054 69.
547 3005 649 3069 usque
676 2986 718 3054 ad
741 3005 859 3053 annum
884 2986 933 3050 88.
957 2984 1116 3067 legionem
1140 2987 1174 3052 iu
1196 2987 1355 3072 Hispania

193 3095 386 3162 collocatam
409 3090 518 3156 fuisse.
550 3089 695 3156 Exeunte
711 3089 796 3155 enim
819 3087 876 3154 illo
898 3107 982 3152 anno
1006 3106 1048 3154 ex
1070 3089 1237 3172 provincia
1257 3090 1355 3158 cessit

192 3215 299 3280 neque
322 3213 361 3261 eo
383 3193 525 3260 revertit.

283 3365 306 3429 ι)
324 3363 342 3416 1.
361 3361 379 3414 1.
397 3375 425 3429 p.
445 3364 493 3416 etr
513 3363 541 3413 et
559 3361 617 3413 319.

281 3446 379 3514 u)1.1.
398 3461 425 3515 p.
445 3450 478 3499 ro
497 3447 525 3500 et
542 3448 585 3498 rs.

281 3535 308 3596 3)
325 3531 345 3586 l.
363 3531 381 3585 l.
399 3545 427 3599 p.
447 3534 489 3598 u,
507 3527 555 3584 sed
573 3541 684 3584 causam
702 3526 741 3580 vir
759 3525 856 3580 doctus
874 3541 929 3580 non
947 3524 1034 3590 affert,
1058 3539 1112 3595 qna
1129 3541 1354 3594 commoveamur,

193 3621 225 3672 ut
243 3615 270 3671 id
288 3631 317 3672 re
334 3629 400 3670 vera
416 3612 520 3670 factum
539 3627 599 3670 esse
616 3616 750 3682 putemus.

281 3705 306 3768 4)
323 3696 412 3756 ‘Rdm
432 3691 541 3754 Gescbl
561 3697 594 3753 V.
612 3712 639 3766 p.
659 3701 691 3751 59
710 3695 773 3752 adn.
793 3701 804 3750 l
825 3700 853 3751 et
870 3711 896 3764 p.
919 3699 966 3750 145
985 3695 1048 3750 adn.
1070 3700 1093 3751 1.

280 3789 306 3852 tl
324 3784 409 3840 Tituli
427 3783 547 3854 legionis,
571 3781 617 3852 qui
639 3782 668 3836 in
685 3779 818 3851 Hispania
842 3780 877 3837 ad
899 3780 987 3836 lucem
1009 3780 1177 3849 prodlerunt,
1195 3779 1356 3850 posterioris

199 3869 298 3925 aetatis
316 3875 389 3926 sunt.

674 4007 875 4015 ——-——--
