3318 4970
486 390 528 445 Dc
545 389 650 459 leglene
667 389 851 445 Romanorum
868 388 891 445 1.
909 388 1058 444 Adiutrice.
1312 388 1329 446 7
1334 390 1352 448 b

285 563 352 630 Sed
376 565 483 632 omnia
505 562 588 631 haec
608 564 732 630 incerta
754 569 835 630 sunt.
873 565 980 646 Atque
1003 563 1160 646 quaestio,
1188 582 1251 646 quo
1274 559 1352 628 tem'·
1400 593 1402 600 v

199 684 279 748 pore
309 671 415 732 castra
435 665 693 750 BrigetIonensia
721 666 894 732 constituta
921 665 994 748 sint,
1023 683 1082 748 pro
1112 669 1199 730 certo
1222 664 1353 731 decerni

198 767 320 852 nequit,
343 769 406 834 nisi
428 769 579 836 materies
601 767 703 834 titulis
725 767 942 853 compluribus
963 765 1100 850 repertis
1122 771 1217 832 aucta
1240 767 1310 832 erit.

321 958 392 1033 §ia
437 954 605 1034 Quando
633 956 744 1039 legio
767 954 1001 1021 Pannoniae
1030 953 1225 1020 interiori

631 1057 833 1124 attributa
858 1057 922 1123 sit.

285 1191 403 1258 Tribus
414 1193 606 1276 legionibus,
622 1212 702 1276 quas
714 1191 811 1258 modo
822 1191 1018 1273 enumeravi,
1030 1189 1197 1256 Pannonia
1207 1191 1355 1274 superior

201 1293 330 1360 circiter
354 1314 472 1360 annum
497 1297 568 1360 117.
592 1293 836 1360 defendebatur.
880 1293 952 1359 Hae
974 1293 1180 1359 Pannonicae
1208 1293 1354 1376 legiones

201 1405 294 1462 erant
315 1395 456 1477 omnium
479 1395 683 1463 firmissimae
705 1401 738 1462 et
759 1395 992 1478 validissimae,
1021 1400 1057 1461 ut
1085 1414 1157 1460 cum
1185 1395 1355 1479 provincia

201 1498 326 1564 viribus
348 1499 520 1580 plurimum
542 1500 676 1582 valeret,
698 1502 766 1563 tum
788 1497 826 1578 is,
850 1497 905 1580 qui
928 1498 958 1563 ei
974 1497 1192 1580 praesidebat,
1215 1497 1249 1562 in
1264 1497 1354 1579 lega·

199 1607 304 1666 torum
331 1619 464 1665 numero
494 1619 637 1666 summae
660 1601 860 1666 auctoritatis
883 1607 978 1682 essct,
1008 1618 1203 1684 quamquam
1226 1605 1354 1682 praeter

199 1703 400 1768 Pannoniam
422 1708 486 1768 tres
509 1720 638 1786 qnoque
660 1703 847 1785 provInoIae
870 1721 891 1767 a
912 1702 1011 1768 ternis
1033 1699 1215 1784 legionibus
1231 1701 1354 1766 obtine·

200 1806 324 1869 bantur,
332 1805 354 1880 ¹)
388 1803 495 1868 illlam
510 1823 582 1870 cum
596 1803 747 1881 Severus,
763 1803 818 1887 qui
834 1803 1021 1869 Pannoniae
1037 1802 1212 1886 superioris
1227 1801 1354 1885 legatus

198 1925 325 1971 summa
353 1925 460 1971 rerum
487 1907 608 1990 potitus
638 1911 721 1984 erat,
755 1905 883 1989 imperii
916 1904 1052 1972 aemulis
1085 1905 1187 1970 tribus
1216 1903 1354 1972 devictis

200 2007 400 2072 Britanniam
430 2009 463 2073 in
491 2009 676 2074 inferiorem
707 2013 739 2072 et
766 2007 975 2092 superiorem,
1005 2005 1133 2092 Syriam
1162 2007 1196 2072 in
1226 2005 1354 2090 Syriam

200 2109 322 2176 Coelen
345 2116 378 2176 et
400 2109 527 2192 Syriam
549 2109 736 2176 Phoenicen
758 2109 933 2191 divisisset,
963 2110 1061 2192 (legio
1083 2109 1121 2174 V.
1144 2109 1355 2175 Macedonica

199 2211 265 2276 iam
287 2217 383 2277 antea
404 2231 422 2277 e
445 2211 569 2278 Moesia
591 2211 742 2278 inferiore
763 2212 798 2276 in
820 2211 956 2276 Daciam
979 2211 1135 2277 translata
1157 2218 1249 2288 crab:
1271 2211 1355 2276 Pan·

198 2314 330 2379 neniam
346 2315 553 2398 superiorem,
577 2315 698 2398 quippe
717 2332 759 2380 ex
782 2332 846 2396 qua
868 2313 1035 2396 provincia
1058 2314 1214 2396 originem
1237 2313 1354 2397 princi·

199 2420 294 2498 patus
307 2414 451 2498 haberet,
464 2415 566 2482 solam
579 2416 680 2481 tribus
692 2415 874 2498 legionibus
887 2420 1076 2498 occupatam
1089 2433 1160 2480 esse
1170 2434 1285 2498 passus
1296 2421 1353 2481 est.

286 2516 352 2582 Sed
382 2522 457 2602 post
484 2523 619 2583 mortem
641 2517 756 2582 Severi
784 2516 928 2599 praemio
957 2515 1088 2602 honoris
1116 2537 1180 2582 non
1209 2516 1354 2582 iamdiu

199 2620 370 2704 proVIneia
390 2617 520 2684 videtur
542 2639 601 2684 usa
623 2621 733 2695 essai)
770 2617 887 2684 Exstat
909 2619 994 2684 enim
1015 2617 1164 2702 Aquinci,
1188 2618 1243 2683 ubi
1265 2618 1351 2702 lega·

200 2785 361 2840 translatam
378 2799 438 2841 esse
454 2784 501 2852 (ci.
520 2784 667 2853 Ritterling
683 2785 702 2840 l.
720 2785 739 2842 1.
758 2800 786 2854 p¹
806 2789 858 2852 51.)
876 2791 904 2840 et
920 2786 1039 2854 legiones
1058 2785 1134 2839 XIII.
1154 2785 1268 2840 Gemina
1286 2786 1314 2839 et
1330 2784 1353 2838 I.

200 2871 328 2926 Adiutrix
344 2869 511 2940 provinciam
528 2875 651 2926 mutasse
667 2869 811 2926 admodum
829 2871 971 2939 probabile
988 2874 1039 2927 cst.

288 2962 311 3021 t)
340 2956 481 3010 Britannia
506 2971 524 3009 e
549 2955 700 3024 legionibus
725 2955 761 3012 ΙΙ.
784 2959 905 3026 Augusta
929 2955 976 3010 VI.
1002 2955 1122 3012 Victrice
1144 2955 1205 3012 XX.
1224 2955 1353 3024 Victrice,

200 3041 307 3096 Moesia
324 3041 437 3096 infertor
453 3056 470 3094 a
487 3041 555 3110 legg.
569 3042 588 3095 1.
601 3040 699 3096 Italim.
710 3043 744 3098 V.
759 3041 939 3097 Macedonica
949 3041 999 3095 XI.
1015 3041 1137 3107 Claudia,
1156 3042 1233 3110 Syria
1250 3056 1267 3094 a
1285 3041 1352 3108 legg.

201 3125 251 3180 III.
272 3126 378 3181 Gallica
395 3125 459 3179 illl.
478 3125 605 3194 Scythica
621 3125 695 3181 XVI.
713 3125 816 3181 Flavia·
834 3157 869 3166 -
887 3126 928 3182 cf.
946 3127 1022 3182 Cass.
1042 3128 1105 3182 Dte.
1124 3125 1244 3180 LXXIII
1264 3130 1304 3190 14,
1322 3129 1352 3179 3:

198 3221 277 3285 τρεῖς
293 3210 352 3285 γαρ
370 3207 402 3284 δὴ
420 3208 488 3268 τότε
510 3207 621 3283 ἄνδρες,
645 3214 734 3284 τριῶν
755 3207 878 3277 ἕκαστος
899 3215 1055 3268 πολιτικῶν
1077 3209 1284 3285 στρατοπέδων
1304 3214 1354 3267 καὶ

200 3296 296 3357 ἄλλων
319 3301 437 3364 ξενικῶν
459 3301 572 3368 συχνῶν
593 3293 743 3369 ἄρχοντες,
767 3289 964 3368 ἄντελοὶβοντο
990 3301 1050 3353 τῶν
1068 3291 1256 3370 πραγμάτων,
1281 3286 1300 3352 ὅ
1321 3315 1353 3354 τε

200 3387 349 3455 Σεοαῆρος
366 3385 415 3438 καὶ
434 3376 573 3456 ὃΝῖγρος
589 3385 638 3438 καὶ
657 3375 820 3455 ὃΑλβῑνος,
839 3371 926 3447 οὗτος
936 3382 990 3452 μὲν
1001 3385 1051 3454 τῆς
1062 3381 1233 3455 Βριταννίας
1246 3375 1354 3454 ἄρχων,

201 3472 351 3540 Σεουῆρος
369 3467 399 3524 δὲ
416 3471 451 3538 τῇ
470 3467 641 3532 Παννονίας,
660 3470 770 3539 Νίγρος
787 3466 817 3524 δὲ
834 3469 884 3538 τῆς
902 3467 1019 3540 Συρίας.
1290 3533 1291 3538 ¹

288 3551 316 3623 2)
333 3553 443 3607 Partem
462 3552 541 3606 buius
560 3551 726 3620 quaestionis
745 3552 981 3608 Domasaewskius
999 3551 1040 3606 vir
1063 3550 1236 3608 doctissimus
1254 3553 1307 3606 iam
1325 3553 1354 3607 in

200 3641 274 3695 Mus.
293 3637 382 3692 Rhen.
400 3636 486 3692 XLV.
504 3640 592 3703 (Isse)
610 3653 638 3706 p.
657 3641 708 3690 204
726 3653 783 3706 sqq.
807 3638 935 3692 tractavIt
957 3640 1040 3704 atque
1064 3636 1098 3690 dc
1119 3637 1220 3705 titulis,
1248 3639 1296 3707 qni
1318 3638 1353 3692 cd

200 3727 272 3780 banc
289 3739 348 3778 rem
366 3725 501 3791 spectant,
518 3728 574 3775 tarn
593 3721 727 3789 sagaciter
743 3721 900 3791 disputarit,
917 3725 949 3776 ut
965 3722 1009 3776 vix
1026 3735 1116 3791 pauca
1129 3722 1158 3776 iu
1170 3722 1257 3778 medio
1269 3723 1352 3778 reliu-

200 3812 303 3879 queret.
339 3807 416 3875 Quae
438 3809 529 3861 tamen
550 3807 641 3860 omnia
662 3807 715 3860 boc
737 3806 797 3861 loco
819 3807 885 3861 mihi
908 3807 996 3862 denuo
1020 3813 1084 3862 sunt
1107 3809 1266 3877 repetenda,
1291 3823 1353 3862 cum

198 3898 254 3951 alio
281 3893 459 3948 fundamento
485 3891 561 3946 niem
587 3891 646 3945 aliis
673 3894 755 3960 atquc
781 3892 857 3946 novis
884 3891 1049 3960 argumentIs
1075 3906 1121 3961 ea,
1148 3908 1217 3961 quae
1238 3893 1353 3948 Domus-

200 3980 335 4038 zewslrius
359 3976 471 4046 statuit,
493 3977 671 4046 comprobare
693 3977 805 4046 possim.
830 4006 861 4014 —
885 3975 1017 4032 Aemilius
1034 3975 1189 4046 RitterIIng,
1212 3977 1258 4046 qui
1280 3979 1353 4033 hanc

201 4081 312 4136 quoque
323 4079 380 4118 rem
391 4063 551 4132 perstriant
567 4062 595 4128 (l.
609 4062 627 4115 l.
640 4077 668 4131 p.
682 4066 714 4116 53
727 4065 755 4116 et
767 4066 818 4130 54),
837 4077 898 4119 cum
915 4061 1042 4116 Severum
1053 4061 1238 4116 Alexandrum
1257 4064 1352 4118 aucto-

201 4167 259 4206 rem
277 4151 317 4205 rei
334 4148 481 4204 mutandae
497 4147 582 4202 luisse
599 4148 707 4214 sentiat,
725 4147 811 4202 ialsus
829 4150 879 4215 est,
896 4151 928 4202 ut
945 4147 1017 4202 inira
1034 4146 1279 4217 comprobabimus.
