3270 4968
425 376 467 430 De
485 376 609 433 codicum
626 377 825 434 leocrateorum
843 378 1016 436 auctoritate.
1256 383 1294 442 61

147 546 188 613 de
221 548 345 617 lacunis
377 549 547 634 archetypi
580 551 736 619 iudicavit
769 554 811 635 (p.
835 553 953 637 83t86),
987 575 1050 621 uno
1085 555 1156 623 loeo
1186 556 1215 623 V
1241 559 1300 622 135

146 652 327 718 accuratius
365 659 501 719 hastato
531 653 771 721 demonstravit.
814 654 910 721 Addo
940 655 1079 740 denique
1110 660 1300 727 sententiam

147 753 209 817 viri
232 753 409 820 doctissimi
431 755 543 838 Zycha
554 759 586 838 ¹),
616 757 671 840 qui
700 757 903 840 grammatici
924 757 1083 842 Dionysio
1111 762 1301 845 antiquioris

146 855 229 922 ullas
252 875 324 922 esse
346 863 455 940 partes
477 858 618 941 negavit,
648 864 819 942 propterea
841 858 928 940 quod
950 879 971 924 a
993 859 1127 927 Caecilii
1149 863 1299 947 Dionysi-

146 957 221 1039 ique
244 958 328 1024 curis
350 959 511 1042 profectus
533 961 758 1043 grammaticus
780 960 977 1044 Hermogeni
999 962 1067 1028 tere
1085 965 1231 1048 aequalis
1246 966 1301 1033 vel

146 1065 254 1127 aetate
276 1061 374 1144 paulo
397 1062 501 1128 minor
522 1065 683 1130 orationes
706 1063 862 1146 genuinas
884 1061 1033 1148 adeum,
1057 1066 1112 1149 qui
1134 1067 1167 1133 in
1182 1069 1299 1135 codici·

145 1161 205 1229 hus
228 1169 286 1246 est,
310 1183 474 1231 numerum
497 1165 644 1248 redigere
665 1165 778 1248 potuit.

232 1284 276 1349 At
290 1283 371 1349 mihi
386 1285 545 1351 sententia
559 1286 660 1352 Keilii
675 1287 763 1351 nullo
778 1285 874 1351 modo
890 1285 1052 1370 probatur,
1076 1307 1148 1354 cum
1163 1289 1300 1372 primum

147 1383 278 1467 quidem
301 1393 427 1469 tempus
449 1387 603 1454 Isocratoi
626 1388 769 1471 eorporis
793 1387 897 1453 coacti
920 1407 961 1453 cx
977 1389 1084 1456 verbis
1099 1411 1120 1456 a
1134 1391 1300 1460 Prisciano

147 1493 245 1569 atque
278 1487 311 1552 in
344 1488 489 1555 Bekkeri
521 1489 687 1556 anecdotis
720 1489 828 1556 allatis
861 1489 1035 1558 deductum
1067 1491 1300 1562 dubitationem

147 1596 285 1655 moveat.
329 1590 426 1674 Apud
448 1591 647 1658 Priscianum
671 1593 755 1657 enim
779 1591 890 1658 decem
917 1601 1038 1659 tantum
1061 1596 1222 1664 orationes
1244 1618 1299 1664 no-

148 1691 317 1777 minantur,
340 1695 373 1759 in
395 1693 539 1760 Belrkeri
562 1694 727 1761 anecdotis
750 1694 898 1760 undecim
920 1694 1100 1782 laudantur,
1123 1717 1206 1780 quae
1222 1718 1299 1781 quo·

146 1794 244 1861 modo
262 1795 304 1860 ad
320 1797 498 1863 orationum
513 1795 628 1879 viginti
652 1797 744 1863 unius
764 1816 880 1880 eorpus
900 1797 1011 1863 referri
1032 1799 1157 1882 possint
1178 1801 1299 1884 ignoro.

146 1897 261 1981 Neque
283 1901 386 1982 magis
417 1900 530 1984 viginti
560 1899 755 1966 orationibus
784 1897 825 1962 ab
856 1899 928 1965 aliis
958 1901 1166 1983 scriptoribus
1195 1903 1300 1971 citatis

147 1999 235 2078 (vide
250 2001 350 2068 Keilii
363 2006 550 2078 „analecta“
566 2022 597 2085 p.
616 2000 720 2081 13l71)
733 2033 771 2044 -
785 2001 939 2068 orationis
954 2003 1009 2079 „in
1026 2001 1202 2070 Loehiten“
1215 2006 1300 2072 enim

145 2109 244 2186 atque
266 2106 477 2188 complurium
500 2106 708 2189 epistularum
730 2103 818 2185 apud
833 2101 983 2169 Photium
999 2104 1103 2170 solum
1118 2107 1239 2174 mentio
1255 2107 1300 2188 fit,

147 2203 189 2270 de
212 2225 276 2288 quo
298 2209 396 2290 paulo
418 2213 492 2290 post
513 2227 608 2289 agam
631 2241 666 2250 -
686 2205 773 2271 idem
796 2203 857 2270 hoc
879 2206 971 2271 unius
994 2212 1026 2271 et
1047 2207 1162 2287 viginti
1185 2211 1300 2277 oratio·

146 2327 223 2373 num
246 2327 361 2392 eorpus
384 2309 619 2392 comprobatur,
650 2328 722 2375 cum
744 2306 826 2372 nihil
853 2306 1019 2390 impediat,
1049 2309 1216 2389 quominus
1247 2330 1301 2378 eas

146 2410 190 2476 ad
213 2431 329 2495 eorpus
351 2411 466 2494 viginti
489 2411 630 2494 quinque
645 2409 818 2494 (Dionysii)
835 2409 885 2473 vol
903 2410 1018 2492 viginti
1034 2416 1106 2476 octo
1122 2411 1303 2477 orationum

146 2512 305 2591 (Caecilii)
326 2514 432 2580 redire
455 2533 651 2580 censeamus.
697 2513 747 2577 Dx
776 2511 887 2577 ordine
915 2518 1023 2578 autem
1057 2512 1236 2579 orationum
1270 2514 1303 2578 in

147 2614 306 2682 Urbinate
328 2623 520 2683 servato-
542 2616 571 2682 si
594 2614 723 2698 quidem
747 2614 920 2680 auctoritas
942 2614 974 2678 in
991 2633 1029 2681 eo
1052 2615 1199 2681 inest-
1221 2615 1303 2680 nihil

148 2717 238 2783 aliud
261 2719 415 2801 colligere
436 2719 514 2784 licet
535 2737 631 2800 quam
653 2717 896 2800 grammaticum
913 2715 1073 2800 quendam
1089 2715 1172 2784 hanc
1187 2719 1301 2783 oratio-

146 2841 224 2886 num
247 2823 363 2888 seriem
386 2822 598 2902 constituisse,
621 2838 685 2901 quo
701 2818 780 2883 nihil
797 2819 966 2885 lucramur.
1012 2819 1094 2884 Nam
1110 2839 1182 2887 eum
1198 2819 1302 2886 codex

147 2931 187 2987 A
210 2924 388 2990 orationum
412 2922 558 2988 ordinem
580 2922 614 2986 in
636 2921 792 2987 Urbinate
819 2922 971 2988 traditum
999 2921 1097 2987 valde
1119 2922 1302 3006 confundat,

146 3025 273 3092 duabus
302 3026 433 3110 insuper
461 3023 582 3091 additis
611 3022 817 3106 orationibus,
853 3024 1035 3091 coniectura
1063 3030 1185 3090 tantum
1215 3025 1302 3092 idem

148 3129 328 3194 orationum
349 3147 464 3213 corpus
487 3127 630 3194 sumitur.
675 3125 741 3192 Sed
769 3125 851 3193 haec
872 3127 972 3192 Keilii
995 3127 1178 3193 coniectura
1199 3147 1239 3194 oa
1260 3127 1301 3193 de

147 3250 248 3297 eausa
266 3230 424 3296 'veritatis
457 3236 545 3296 caret
577 3231 695 3313 specie,
729 3229 817 3312 quod
849 3247 964 3312 corpus
997 3229 1090 3294 unius
1123 3236 1155 3294 et
1187 3230 1303 3311 viginti

148 3333 328 3399 orationum
357 3332 606 3415 agrammatico
635 3331 755 3415 ignoto,
784 3331 854 3396 sive
882 3340 957 3396 ante
981 3329 1130 3412 Dionysii
1158 3337 1302 3414 tempora

146 3439 220 3502 sive
247 3441 362 3519 postea
390 3435 487 3518 vixit,
518 3434 723 3501 constitutum
753 3433 902 3516 Dionysii
931 3431 1129 3515 Caeciliique
1157 3431 1301 3500 delectus

146 3537 266 3604 vicisse
288 3537 380 3621 fingit
401 3537 495 3622 adeo,
518 3543 575 3613 „ut
596 3536 693 3603 etiarn
717 3555 759 3601 ex
780 3534 975 3602 recensionis
999 3555 1019 3614 ς
1040 3543 1073 3600 et
1093 3556 1116 3618 y
1135 3535 1226 3602 libris
1243 3555 1301 3602 eae

146 3645 272 3706 tantum
301 3637 462 3706 orationes
490 3638 755 3721 exscriberentur,
786 3657 866 3720 quas
888 3655 1035 3704 resensor
1063 3640 1093 3700 Γ
1111 3639 1302 3721 seleger·at.“

146 3743 201 3820 (cf.
224 3762 255 3826 p.
280 3743 343 3821 88).
388 3743 495 3826 Atque
517 3741 625 3808 verbis
647 3739 782 3806 additis:
812 3737 891 3815 „sed
919 3739 994 3805 libri
1022 3739 1170 3807 Urbinati
1199 3740 1301 3807 consi·

145 3846 243 3912 miles
264 3851 379 3929 postea
400 3865 464 3911 non
486 3850 552 3910 tam
574 3862 672 3927 saepe
694 3841 832 3908 adhibiti
855 3861 925 3908 esse
940 3840 1098 3926 videntur,
1122 3862 1217 3926 quam
1231 3844 1301 3909 vul·

145 3955 244 4032 gatae
266 3954 388 4016 textus:
411 3947 529 4015 etenim
547 3943 685 4014 sescenti
699 3945 792 4013 nobis
807 3945 929 4012 servati
943 3949 1017 4011 sunt
1030 3942 1159 4011 codices
1174 3943 1302 4012 infimae

237 4156 261 4217 1)
279 4151 400 4206 Berliner
417 4150 510 4218 philol.
530 4146 751 4204 chhenselnilt
767 4146 791 4201 V
809 4163 835 4214 p.
854 4149 956 4216 ⁸42l4ss·
