3270 4968
456 391 497 448 De
514 391 638 448 codicum
656 393 853 447 Isocrateorum
870 390 1041 447 auctoritate.
1281 391 1321 450 25

173 569 250 628 2=
269 567 308 640 Θ,
331 563 391 649 τὴν
419 561 567 646 δύναμιν,
591 558 675 627 ἀλλὰ
697 560 740 645 μὴ
765 561 852 647 πρὸς
874 559 1072 648 ἀμφοτέρας
1086 562 1162 631 add.
1179 567 1228 630 Aa
1243 585 1323 633 corr.

173 671 249 731 2=
268 666 326 751 Θα,
349 668 405 750 qui
427 672 534 734 tamen
557 665 656 733 habet
677 662 902 750 ἀμφοτέρους.

259 769 338 840 VIII
360 772 411 835 45.
435 763 643 852 ἀκούσωμεν]
667 763 730 832 duo
746 817 754 832 .
772 817 779 833 .
796 790 885 848 ωμεν
908 768 958 832 Aa
978 788 1043 853 pra:
1066 769 1134 834 vin
1148 789 1210 835 ras·
1227 772 1246 832 2
1262 770 1322 836 litt.

171 894 251 941 corr.
268 876 343 937 2=
360 872 418 938 Θα.
457 874 527 938 133.
544 867 868 953 ἐπανορθωσόμεθα
883 872 932 934 Aa
944 891 991 955 pr.
1009 873 1063 947 (ε
1076 875 1106 934 Γ
1106 871 1153 946 al:
1176 868 1321 954 ἐπανορ·

173 977 385 1055 θεασαίμεθα
407 993 488 1040 oorr.
511 975 589 1035 2==
607 972 665 1038 Θα.
714 976 783 1039 136.
806 977 865 1036 τοῦ
881 969 987 1057 μηδὲν
1002 973 1052 1035 Λα
1066 993 1130 1057 pm:
1154 976 1202 1057 τῷ
1215 971 1322 1059 μηδὲν

172 1098 252 1146 corr.
276 1081 295 1142 2
311 1106 352 1130 --
371 1075 460 1142 ΘαΛ
483 1095 563 1142 corr.
589 1079 616 1140 1.

257 1179 339 1245 XIII
364 1183 412 1244 17.
436 1171 603 1243 εἶναικαὶ
627 1176 854 1260 δεῖνΛαρια
884 1176 1036 1242 διελθεῖν
1066 1177 1141 1243 add.
1167 1181 1242 1240 2==
1262 1179 1320 1244 Θα.

171 1286 222 1348 22.
247 1280 372 1367 ῥᾳδίως
396 1275 491 1362 οἶμαι
513 1282 546 1343 A
565 1298 628 1364 pr.:
652 1273 691 1341 δν
715 1278 748 1344 in
770 1297 832 1345 ras.
855 1277 930 1344 add.
955 1281 1032 1342 2=
1050 1282 1089 1344 Θ.

259 1383 377 1450 Contra
399 1381 480 1450 duos
502 1381 591 1449 locos
614 1380 733 1462 inveni,
756 1381 811 1463 qui
835 1400 906 1446 cum
930 1381 1043 1448 codice
1068 1385 1098 1447 Θ
1121 1388 1280 1466 pugnant:

256 1486 336 1552 XIII
362 1489 410 1550 15.
434 1483 544 1568 ζητεῖν
560 1486 592 1547 A
604 1503 669 1568 pr.:
693 1481 751 1565 ζῆν
767 1483 800 1546 in
816 1502 880 1564 mg.
896 1481 971 1548 add.
988 1486 1007 1546 2
1022 1513 1065 1536 --
1080 1491 1128 1550 Λ.
1170 1489 1217 1549 17.
1235 1477 1323 1548 εἶναι

171 1587 227 1652 καλ
251 1586 321 1652 δεῖν
343 1592 376 1652 A
394 1607 458 1672 pn:
484 1585 636 1649 διελθεῖν
660 1585 693 1649 in
715 1604 778 1667 mg.
802 1583 877 1650 add.
901 1587 977 1648 2=
996 1586 1045 1649 &a
1067 1579 1166 1660 (εἶναι
1189 1586 1246 1650 καὶ
1270 1585 1324 1652 δεῖ

171 1691 243 1754 ΘΛ
264 1711 323 1775 pn,
347 1685 417 1754 ἒοτι
439 1688 496 1752 καὶ
520 1687 572 1752 δεῖ
595 1691 633 1750 Λ
655 1706 734 1754 corr.
760 1691 774 1749 1
802 1689 858 1764 Π).
1082 1769 1083 1774 ¹

256 1791 323 1858 Sed
350 1789 431 1857 haec
460 1788 642 1856 differentia
671 1795 865 1854 momentum
895 1809 959 1855 non
987 1790 1074 1872 facit,
1104 1791 1181 1874 quia
1211 1809 1321 1858 omnes

171 1894 317 1961 ciusdem
333 1893 477 1959 familiae
492 1890 621 1957 codices
637 1889 752 1956 leviter
767 1891 850 1956 inter
865 1909 901 1957 se
916 1890 1109 1976 discrepant,
1133 1894 1322 1977 praesertim

170 2017 242 2064 oum
265 1997 466 2063 correctorn
496 1994 593 2059 etiam
622 1990 717 2058 finem
748 1992 901 2059 orationis
931 1992 994 2070 „de
1016 1995 1272 2077 permutatione“
1302 2016 1322 2062 a

168 2099 301 2166 librario
324 2097 477 2164 omissum
500 2114 542 2160 ex
564 2094 646 2160 libro
670 2093 809 2177 quodam
832 2115 904 2161 cum
926 2094 1038 2162 codice
1057 2099 1086 2160 Θ
1102 2097 1321 2164 familiaritate

170 2203 339 2269 coniuncto
362 2197 571 2285 suppleverit.
616 2195 681 2262 Sed
704 2196 824 2262 dixerit
845 2198 1006 2282 quispiam
1036 2217 1146 2264 omnes
1176 2198 1235 2266 has
1265 2219 1320 2266 va·

168 2305 299 2370 rietates
322 2320 364 2368 ex
386 2300 507 2368 codicis
523 2299 671 2365 Vaticani
691 2297 868 2382 archetypo
885 2319 956 2367 esse
973 2299 1113 2384 haustas,
1137 2321 1232 2384 quem
1248 2321 1321 2368 cum

169 2405 281 2473 codice
309 2404 448 2488 quodam
478 2421 520 2468 ex
548 2401 754 2466 Laurentiani
788 2403 818 2464 Θ
846 2403 970 2467 familia
999 2410 1219 2487 comparatum
1249 2423 1321 2470 esse

170 2513 303 2575 constet.
337 2506 380 2572 At
391 2503 560 2571 multitudo
575 2502 749 2568 lectionum
764 2502 909 2587 impedit,
926 2505 1096 2587 quominus
1112 2511 1321 2572 correctorem

169 2607 346 2677 secundum
369 2607 474 2691 ipsum
497 2604 619 2672 codicis
634 2605 783 2671 VatIcani
798 2604 1010 2692 archetypum
1025 2607 1145 2674 adiisse
1161 2613 1319 2692 putemus,

168 2732 241 2779 cum
271 2716 467 2777 correctores
492 2713 506 2771 1
532 2714 564 2772 et
589 2711 620 2770 1⁵
642 2710 675 2772 in
705 2707 917 2774 varietatibus
946 2708 1169 2775 adscribendis
1199 2715 1320 2775 tantam

168 2813 343 2880 lectionum
365 2810 582 2877 differentium
605 2810 733 2894 copiam
757 2809 886 2873 omnino
909 2809 977 2876 lero
999 2811 1184 2894 neglexisse
1199 2831 1263 2877 non
1279 2812 1321 2878 sit

166 2916 236 2982 veri
258 2915 372 2981 simile.

255 3016 422 3084 Gorreotor
444 3015 555 3082 tertius
579 3016 623 3093 (3)
645 3013 785 3097 deniqne
815 3015 926 3098 paucis
956 3015 1083 3082 absolvi
1111 3021 1227 3098 potest.
1273 3016 1321 3082 lla

169 3118 266 3200 enim,
295 3136 378 3200 quae
405 3117 554 3199 correxit,
583 3116 782 3183 accuratiore
806 3117 994 3183 tractatione
1017 3116 1117 3200 digna
1145 3137 1208 3184 non
1237 3125 1320 3203 sunt,

168 3241 240 3288 cum
262 3219 368 3285 ubivis
390 3217 527 3284 libidine
549 3217 662 3284 ductus
685 3217 735 3284 sit.
773 3217 865 3284 Mitto
880 3220 990 3304 verba,
1013 3220 1046 3285 in
1065 3219 1181 3303 quibus
1198 3219 1321 3286 librarii

167 3321 286 3389 menda
326 3321 467 3388 correxit
506 3328 643 3404 excepto
679 3319 740 3386 hoc
768 3339 832 3386 uno
861 3320 938 3386 Vlll
985 3323 1055 3387 118.
1085 3319 1170 3386 πελν
1193 3369 1200 3386 .
1224 3369 1232 3386 .
1254 3325 1321 3383 νιῦν

166 3428 199 3487 A
218 3445 266 3508 pr.
288 3423 340 3502 (cf.
364 3423 491 3498 πέλτας
512 3428 579 3485 τῶν
601 3423 654 3504 Ε),
677 3421 871 3486 πελταστῶν
894 3443 975 3490 corr.
992 3428 1022 3507 3,
1045 3422 1133 3507 quod
1152 3423 1319 3506 singulari·

166 3532 234 3592 tate
256 3526 433 3609 scripturae
455 3523 611 3591 delectat:
641 3541 793 3590 enumero
816 3544 865 3608 ea,
896 3526 1012 3608 quibus
1035 3526 1207 3610 genuinam
1230 3525 1319 3592 lecti·

166 3643 261 3692 onem
284 3622 412 3692 videtur
434 3631 598 3694 assecutus
621 3643 707 3692 esse:

252 3726 333 3792 XIII
359 3730 406 3794 16.
430 3729 602 3809 μλξαοθαι
625 3727 734 3796 codd:
758 3729 817 3808 μῖξ
832 3779 839 3794 .
857 3779 864 3794 .
881 3779 888 3795 .
906 3779 913 3795 .
931 3778 938 3795 .
955 3733 987 3794 A
1004 3751 1063 3816 pr.‚
1086 3730 1181 3810 μῖξαι
1203 3749 1282 3797 corr.
1300 3730 1319 3793 3

166 3831 275 3910 (μῖξαι
297 3829 388 3896 Plan.
412 3835 508 3897 etex
531 3827 602 3896 (ior.
626 3831 666 3897 oi.
690 3829 818 3910 Baka).

252 3931 329 3997 VIII
353 3931 403 3996 81.
433 3929 627 4017 λαπήοοντα
657 3931 750 4000 codd.
766 3937 856 3997 =A
875 3956 933 4019 pr.‚
963 3925 1158 4019 λυπήσοντα
1187 3953 1266 4000 corr.
1290 3937 1319 3999 3.

167 4033 279 4100 Cobet.
303 4033 406 4099 Bleza.
446 4035 497 4100 84.
513 4031 806 4117 ἐξαμαρτάνοντας
821 4036 916 4104 codd.
936 4069 974 4088 =
990 4041 1021 4099 A
1033 4056 1094 4121 pm,
1117 4031 1322 4118 ἐξαμαρτόν-

166 4159 227 4212 τας
254 4157 333 4204 corr.
360 4137 389 4201 3.
408 4134 484 4201 edit.
522 4141 591 4204 133.
607 4134 806 4218 ποιούμεθα
836 4142 897 4202 ΓΔ
912 4159 970 4223 pn,
992 4135 1175 4219 ποιώμεθα
1198 4141 1319 4204 cormd.
