3198 4974
307 375 367 433 132
730 371 912 441 Eugolbertus
930 370 1040 440 Drerup

389 547 526 612 Praeter
558 544 736 612 rhetoricas
770 551 878 610 summ
911 543 1129 629 paraphrases
1159 542 1289 609 codices
1318 542 1475 608 Isocratei
1594 509 1595 592 l

303 649 459 733 gravibus
473 647 776 732 interpolationibus
792 647 1020 714 commaculati
1035 652 1118 730 sunt,
1141 664 1221 728 quas
1243 645 1277 708 in
1293 645 1474 729 exemplari
1594 649 1595 652 ’

304 751 507 833 DIonysiauo
523 749 662 816 Fuhrius
684 749 847 834 probavit.
884 749 972 816 Inter
987 735 1069 832 quas
1084 747 1170 814 hune
1185 747 1345 830 imprimis
1360 754 1472 830 specto

304 853 426 925 locum:
458 852 553 917 XVII
576 853 606 917 6.
630 846 778 936 ἡγούμην
801 885 844 897 -
866 847 955 931 πρὸς
978 848 1135 936 σάτυρον,
1158 850 1214 933 qui
1236 848 1326 932 apud
1348 849 1472 930 Diony-

304 953 387 1020 sium
409 952 548 1020 traditus
570 955 604 1020 in
627 953 794 1021 codicibus
817 951 919 1019 deest.
964 952 1111 1019 Blassius
1141 951 1273 1036 quidem
1303 971 1342 1017 eo
1372 949 1471 1016 offen·

305 1051 403 1138 ditur,
426 1053 513 1138 quod
537 1055 620 1122 baec
642 1056 744 1122 verba
765 1056 799 1120 iu
821 1053 987 1120 codicibus
1010 1074 1086 1121 casu
1110 1053 1272 1120 excidisse
1294 1073 1359 1118 uon
1381 1052 1471 1117 vide·

305 1163 417 1241 antur;
440 1155 499 1223 sed
522 1159 605 1224 illud
627 1178 692 1224 non
714 1159 850 1222 multum
872 1159 1014 1239 interest,
1038 1177 1111 1223 cum
1126 1156 1335 1223 verisimilius
1356 1155 1409 1237 sit,
1432 1175 1471 1221 ea

304 1260 337 1323 iu
359 1259 461 1336 libris,
491 1261 649 1344 equibus
678 1258 875 1342 archetypus
905 1257 1054 1325 codicum
1084 1259 1242 1342 originem
1271 1259 1375 1340 duxit,
1404 1278 1470 1324 om·

303 1360 381 1426 nino
404 1368 539 1427 exarata
559 1379 624 1428 non
646 1362 747 1428 fuisse
776 1360 828 1438 (ef.
852 1359 1092 1426 Albrechtium:
1120 1359 1384 1428 Jahresberiohte
1413 1361 1471 1426 des

303 1461 418 1544 philol.
447 1462 583 1530 Vereins
616 1483 655 1530 uu
688 1464 798 1530 Berlin
827 1462 885 1527 XI.
926 1481 958 1546 p.
983 1466 1046 1538 54).
1091 1460 1291 1539 Quibuscum
1332 1463 1472 1528 conferri

304 1565 383 1630 lieet
408 1566 690 1650 interpolationem
719 1563 841 1632 codicis
864 1569 904 1627 A
932 1565 967 1629 in
996 1564 1261 1648 §subsequentiz
1296 1586 1473 1648 προσομο-

304 1666 416 1748 λογεῑν
449 1664 561 1731 πάντα
589 1677 714 1746 ποιεῖν,
749 1664 814 1731 ὅσοι
843 1664 990 1747 σάτυρος
1025 1670 1234 1749 προσέταττε
1264 1666 1331 1743 καὶ,
1365 1685 1472 1750 neque

307 1768 403 1832 aliter
425 1767 634 1834 indicandum
664 1775 713 1836 est
741 1769 782 1836 de
812 1771 886 1836 alhs
916 1766 1110 1853 quibusdam
1138 1767 1218 1832 locis
1247 1767 1473 1852 Dionysiauis:

306 1868 352 1933 IV
374 1867 414 1932 98
439 1876 472 1935 et
492 1870 570 1936 VIII
594 1875 644 1936 16.

392 1989 459 2056 Sed
482 1991 580 2055 etiam
603 1989 636 2054 iu
651 1991 800 2056 codicum
815 1999 995 2072 nostrorum
1011 1987 1190 2072 archetypo
1206 1989 1472 2070 interpolationes

246 2098 249 2106 ’
306 2091 519 2156 demonstrari
541 2099 685 2174 possunt.
730 2092 893 2159 OratIonis
908 2091 1019 2167 VIII§
1036 2089 1130 2170 52153
1154 2091 1239 2155 cuim
1262 2092 1379 2156 verba:
1414 2091 1472 2155 καὶ

305 2189 385 2267 τοὺς
408 2187 532 2268 abacos
553 2190 694 2269 τούτους
716 2197 735 2270 ξ
758 2195 798 2258 52
821 2193 1003 2277 usquead:
1032 2202 1105 2267 τοῖς
1134 2197 1349 2272 προεστῶοιν
1377 2185 1471 2277 ἡμῶν

306 2293 381 2372 §53
404 2295 438 2358 in
459 2293 602 2362 antidosi
626 2315 702 2362 casu
724 2297 778 2361 vel
799 2296 924 2361 librarii
946 2294 1114 2361 cuiusdam
1137 2313 1245 2360 errore
1268 2295 1472 2362 intercidisse

307 2413 372 2462 non
393 2402 483 2480 puto,
512 2397 589 2480 qula
612 2398 892 2465 homoeoteleuton
913 2403 989 2462 ante
1017 2397 1127 2462 oculos
1149 2415 1214 2461 non
1237 2403 1313 2461 erat.
1358 2397 1473 2480 Itaque

305 2496 369 2564 nisi
391 2497 604 2583 archetypum
627 2499 689 2565 hoc
710 2499 867 2566 antidosis
890 2500 962 2566 loco
986 2517 1136 2564 maneum
1164 2497 1265 2564 fuisse
1294 2519 1407 2566 censes
1429 2533 1472 2545 -

305 2615 390 2682 quae
412 2601 572 2665 sententia
594 2619 633 2666 eo
657 2600 877 2667 commendari
900 2601 1038 2683 videtur,
1068 2599 1156 2683 quod
1184 2605 1270 2666 totus
1299 2599 1353 2666 hic
1380 2603 1471 2668 locus

305 2703 340 2765 in
362 2719 488 2784 papyro
511 2719 638 2784 quoque
661 2703 836 2786 legitur-
852 2701 997 2770 defectus
1020 2701 1144 2785 duplici
1166 2702 1291 2767 ratione
1314 2704 1472 2786 eprIcari

305 2810 423 2886 potest,
446 2809 482 2868 ut
503 2803 678 2870 Isocratem
701 2803 786 2870 huuc
808 2807 915 2871 locum
937 2811 993 2870 aut
1015 2806 1048 2869 in
1071 2803 1304 2870 conscribenda
1326 2807 1471 2871 oratioue

305 2903 369 2980 ,de
391 2907 646 2986 permutatione“
669 2906 831 2972 delevisse
853 2913 910 2972 aut
931 2925 1094 2989 uunquam
1123 2907 1344 2989 composuisse
1367 2927 1472 2974 suma·
1594 2913 1595 2976 ἶ

306 3021 388 3072 mus.
439 3005 590 3073 beonnae
619 3015 727 3074 autem
755 3007 935 3092 archetypi,
965 3027 1045 3091 quas
1074 2997 1218 3074 Koilius'
1231 3009 1265 3072 iu
1294 3011 1471 3083 „analectis
1594 3031 1595 3048 r

306 3109 500 3174 Isocrateis“
516 3110 687 3175 enucleare
702 3109 834 3193 studuit,
850 3111 940 3177 nullo
955 3111 1052 3176 modo
1068 3111 1225 3191 probatae
1241 3115 1315 3175 sunt
1326 3114 1359 3195 ¹),
1379 3131 1471 3196 prae·

307 3210 418 3276 sertim
441 3227 515 3274 cum
531 3210 585 3276 hic
600 3213 700 3296 locus,
723 3213 751 3277 si
767 3211 897 3295 quaudo
913 3212 1067 3278 damnum
1082 3217 1254 3295 acceperat
1269 3231 1311 3277 ex
1326 3215 1471 3280 oratione

309 3313 383 3396 ipsa
415 3311 512 3377 facile
544 3314 689 3396 suppleri
718 3315 869 3399 potuerit,
902 3332 1008 3400 neque
1042 3313 1149 3395 video,
1184 3333 1240 3378 cur
1271 3313 1407 3381 Isocrati
1439 3315 1472 3380 in
1594 3345 1595 3374 r

307 3415 453 3481 oratione
490 3413 553 3488 „de
589 3417 847 3498 permutatione“
884 3416 1083 3483 elaboranda
1126 3415 1321 3482 auferendus
1364 3417 1471 3482 fuerit.

307 3515 416 3592 Quare
437 3517 720 3600 interpolationem
743 3519 876 3586 subesse
899 3519 1023 3603 opinor,
1046 3536 1185 3601 quacum
1206 3519 1322 3601 papyri
1345 3517 1472 3584 Britan·

307 3618 374 3683 nici
395 3619 598 3701 corruptelae
621 3623 800 3703 comparari
821 3627 965 3703 possunt.
1010 3621 1054 3686 At
1075 3621 1285 3704 inquiramus,
1306 3620 1472 3702 quomodo

309 3720 363 3786 bic
384 3719 475 3785 locus
498 3739 571 3785 oum
593 3723 751 3804 proximis
774 3721 987 3806 paragraphis
1011 3721 1192 3788 cohaereat.
1230 3722 1388 3788 Isocrates
1411 3723 1472 3805 igi·
1594 3731 1595 3800 l

308 3829 369 3904 tur,
403 3823 612 3904 quamobrem
641 3843 692 3890 res
722 3823 852 3907 publica
879 3823 965 3890 male
993 3824 1234 3890 administretur
1261 3822 1472 3906 demonstrat,

309 3943 382 3990 eum
414 3924 617 4008 potIssimum
639 3923 891 4018 Atheniensibus
925 3928 1112 4010 exprobret,
1148 3925 1310 4009 quomodo
1342 3926 1473 4009 legibus

398 4130 422 4193 l)
442 4127 476 4181 cf.
495 4127 708 4182 Buermauuum:
728 4128 924 4183 Wochonschr.
944 4128 963 4182 f.
982 4129 1065 4184 klass.
1083 4127 1179 4182 Philol
1197 4127 1233 4182 Π.
1251 4144 1278 4196 p.
1297 4126 1401 4197 621125.
