3170 4984
573 1065 801 1134 APPENDIX
822 1068 864 1134 11.

384 1199 444 1280 lle
471 1203 590 1302 alneio
618 1199 688 1278 M?
714 1195 854 1280 Valerii
876 1193 1048 1280 Marna.

220 1371 327 1461 Supra
348 1395 380 1460 p.
397 1378 460 1442 258
483 1376 517 1442 in
538 1375 709 1442 annalibus
732 1373 856 1440 Valerii
878 1373 1019 1442 nubam
1041 1369 1174 1442 Valerio
1195 1375 1298 1444 diota·

133 1477 197 1544 tori
217 1479 293 1544 anni
315 1479 453 1558 260!494
474 1497 538 1544 non
559 1477 708 1560 Manio,
729 1477 789 1543 sed
810 1476 945 1544 Maron
971 1495 1169 1561 praenomen
1197 1479 1298 1546 inisse

134 1579 240 1646 dooui.
286 1579 391 1659 Quam
412 1581 605 1647 sententiam
627 1579 655 1646 sl
679 1578 880 1664 probaveris,
903 1580 1001 1646 etiarn
1024 1580 1105 1646 illud
1136 1579 1297 1648 concedas

132 1695 266 1749 neeesse
288 1683 595 1765 antelogium,
624 1679 745 1764 quod
773 1679 945 1765 dieitur,
976 1681 1029 1748 de
1057 1672 1298 1748 M.'Valerio

133 1783 309 1852 Maximo
332 1791 496 1852 servatum
518 1783 566 1862 (Ο.
581 1783 607 1848 Ι.
623 1783 659 1848 L.
676 1783 709 1848 1²
724 1785 797 1862 189)
818 1797 863 1850 ex
877 1777 1018 1850 Antiatis
1040 1783 1211 1850 annalibus
1233 1801 1298 1850 non

132 1883 282 1963 fluxisse,
312 1907 386 1954 oum
414 1887 460 1953 ibi
484 1886 633 1952 Valerius
662 1885 801 1952 dictator
823 1886 978 1952 Manius
1006 1888 1072 1964 (Nl)
1102 1885 1297 1971 appelletur.

134 1987 185 2053 De
208 1986 269 2055 boe
284 1989 382 2074 igitur
397 1985 504 2072 elogio
527 1987 569 2054 ab
585 1987 717 2053 Antiate
732 1983 950 2055 abiodleando
973 1987 1059 2054 iaeio
1075 2003 1148 2054 eum
1163 1987 1297 2053 Momm·

133 2109 222 2173 seno,
239 2091 294 2174 qui
308 2109 411 2175 nuper
425 2090 542 2157 iterum
555 2089 590 2156 (l.
602 2090 628 2156 Ι.
641 2089 677 2155 L.
689 2089 731 2173 1²,
746 2094 805 2156 191
824 2089 908 2156 haue
923 2090 1116 2156 sententiam
1132 2091 1297 2173 professus

134 2196 192 2275 est,
201 2190 630 2269 Hirsehfeldii¹loonieetura
638 2190 735 2272 (Phil.
744 2193 865 2275 34,85)‚
874 2210 959 2275 quae
967 2191 1133 2258 Huelseno
1141 2191 1297 2276 probatur

134 2291 214 2372 (0.1.
222 2293 299 2359 L.I²
310 2316 341 2379 p.
355 2297 438 2380 190),
450 2295 581 2360 reiecta.
608 2294 724 2379 Neque
736 2300 844 2360 tamen
854 2293 1071 2359 Mommsenus
1084 2291 1164 2358 mihi
1175 2292 1211 2358 id
1223 2313 1296 2376 per·

133 2395 235 2461 suasit
245 2387 303 2462 ‘ex
324 2397 495 2464 annalibus
517 2397 659 2480 antiquis
682 2403 716 2463 et
730 2385 868 2482 optimis'
895 2413 948 2462 res
970 2395 1055 2477 illas,
1079 2413 1162 2478 quae
1186 2395 1295 2476 elogio

133 2495 310 2580 traduntur,
322 2499 441 2582 petitas
453 2518 535 2566 esse.
561 2498 666 2564 Immo
682 2517 755 2564 eum
766 2498 833 2563 alia
844 2503 912 2562 tum
924 2496 1127 2562 Valeriorum
1143 2493 1248 2578 gloria
1263 2495 1296 2558 in

132 2599 237 2665 maius
259 2599 358 2665 etiam
381 2601 468 2666 elatu
489 2620 586 2684 quam
609 2601 643 2665 in
664 2599 809 2683 reliquis,
833 2616 917 2682 quae
939 2597 981 2663 de
997 2597 1121 2663 eisdem
1142 2596 1239 2662 rebus
1254 2594 1298 2661 ad

131 2720 191 2766 nos
203 2708 429 2785 pervenerunt,
445 2704 683 2770 narrationibus
695 2721 802 2769 seram
817 2698 898 2766 mibi
908 2720 988 2785 prae
1000 2720 1036 2766 se
1047 2701 1132 2766 ferre
1144 2700 1296 2766 videntur

132 2802 300 2885 originem.
327 2802 395 2869 Sed
411 2806 584 2888 quaeritur,
600 2806 728 2872 ouinam
740 2803 933 2870 Valerianus
948 2804 1005 2868 ille
1021 2803 1120 2884 elogii
1135 2799 1224 2868 oolbr
1239 2803 1295 2869 de·

132 2903 255 2988 beatur,
271 2905 299 2972 si
314 2926 379 2972 non
391 2907 454 2991 ipsi
465 2907 599 2973 Antiati.
631 2905 704 2985 Qua
716 2907 757 2973 de
772 2925 807 2971 re
820 2925 892 2971 oum
907 2904 1131 2989 deliberarem,
1148 2904 1247 2972 Oielr
1257 2925 1295 2972 o-

131 3005 233 3088 rius,
256 3015 447 3092 praeceptor
469 3029 594 3076 summe
616 3007 697 3074 mihi
719 3008 940 3090 venerandus,
968 3008 1186 3091 suspicionem
1215 3007 1296 3074 mibi

131 3106 255 3191 inieeit,
282 3128 359 3175 num
385 3131 406 3176 a
427 3111 470 3176 M.
493 3111 662 3178 Valerio
685 3111 887 3178 Messalla
908 3111 1011 3176 Rufo
1033 3111 1172 3177 fortasse
1195 3111 1295 3194 elogii

130 3217 356 3291 argumentum
374 3213 510 3296 petitum
527 3219 622 3279 esset
666 3213 775 3298 Atque
797 3211 880 3279 haee
902 3213 1072 3295 sententia,
1096 3232 1160 3296 qno
1189 3213 1294 3296 magis

132 3329 204 3376 eam
227 3314 463 3397 examinabam,
487 3335 526 3382 eo
549 3317 654 3400 magis
669 3316 751 3382 mibi
773 3315 948 3382 arridebat.
987 3316 1115 3381 Etenim
1132 3315 1217 3382 huno
1232 3315 1294 3381 Va·

130 3413 247 3479 lerium
269 3415 454 3484 Messallam
474 3410 637 3484 ‘oratoris’
664 3418 836 3486 Messallae
860 3417 991 3484 Corvini
1015 3425 1174 3500 patruum,
1197 3435 1294 3499 quem

130 3535 160 3580 a.
186 3515 302 3597 tolles
331 3521 496 3586 eonsulem
524 3521 658 3598 inisse²l
680 3527 714 3586 et
740 3540 800 3605 per
822 3525 863 3584 55
886 3540 987 3586 annos
1009 3520 1165 3601 augurale
1190 3537 1295 3585 saeer-

131 3616 255 3684 dotium
277 3619 465 3701 babuissei)
487 3623 682 3707 aoeepimus,
706 3623 846 3689 eundem
865 3641 937 3689 esse
953 3621 1141 3688 Messallam
1153 3615 1290 3689 ‘senem’

131 3720 282 3806 (Rufum),
299 3723 355 3806 qni
370 3723 477 3791 Plinio
493 3731 575 3792 teste
585 3727 609 3804 ⁴)
625 3726 727 3791 libros
740 3717 796 3790 ‘de
807 3714 953 3790 familiis’
974 3722 1128 3807 uendidit,
1145 3725 1186 3790 H.
1199 3725 1295 3792 Peter

217 3895 243 3956 1)
260 3890 389 3946 Virolrius
407 3907 515 3962 quoque
532 3891 604 3947 idem
621 3891 676 3946 iam
694 3896 819 3946 senserat
836 3889 982 3960 l.1.p.30.

216 3979 243 4044 2)
262 3977 302 4032 Of.
321 3976 379 4031 (lio.
396 3978 432 4032 ad
450 3977 501 4046 Qu.
520 3977 554 4032 fr.
573 3981 598 4042 2,
610 3982 656 4046 153
674 3977 710 4032 ad
727 3979 784 4031 nte
802 3982 828 4043 4,
840 3983 879 4032 15.
899 3983 925 4030 1.

216 4066 241 4128 3)
259 4062 347 4116 Mser.
366 4062 422 4118 Sat.
443 4067 466 4118 1.
486 4067 512 4118 9.
531 4068 572 4118 14.

217 4152 243 4214 4)
260 4147 295 4203 N.
313 4149 342 4202 n.
361 4153 403 4215 es,
417 4152 441 4216 e,
460 4147 494 4203 cf.
513 4152 556 4214 as,
571 4151 629 4204 rar.
