3134 4986
774 423 974 482 maximilianus
992 426 1071 483 Thiel

137 1675 343 1731 καταμκκω.
436 1654 484 1721 Οἱ
514 1652 554 1720 ἐν
580 1657 629 1744 τῇ
658 1658 758 1742 περὶ
787 1661 895 1724 Χίον
924 1658 1154 1746 πολιορκίᾳ
1188 1651 1491 1749 άστοχήσαντες

339 1759 408 1823 καὶ
433 1755 631 1840 μείζονας
658 1761 738 1825 τῶν
761 1758 896 1846 πύργων
917 1758 978 1839 τὰς
1001 1753 1217 1845 σαμβύκας
1238 1760 1490 1828 κατασκευά-

341 1882 503 1940 σαντες,
533 1857 744 1948 έποίησαν
769 1860 867 1940 τούς
896 1854 1137 1948 άναβάντας
1168 1855 1232 1930 ἐπ’
1265 1857 1399 1942 αύτὰς
1420 1859 1488 1929 ini

340 1963 411 2027 τοῦ
433 1956 565 2044 πυρὸς
594 1955 841 2030 ἀπολέσθαι
862 1962 908 2053 μὴ
933 1965 1135 2049 δυναμένους
1158 1963 1317 2055 ἐπιβῆναι
1340 1964 1404 2034 ἐπὶ
1425 1963 1490 2042 τούς
1514 2045 1517 2054 λ

341 2063 497 2150 πύργους,
522 2062 669 2147 χαλάσαι
695 2089 732 2130 τε
755 2059 813 2132 ούκ
834 2051 874 2154 ἦν
897 2059 1006 2134 ούδενὶ
1030 2065 1148 2154 τρύπφ
1172 2060 1292 2146 αύτάς·
1331 2067 1361 2134 εἰ
1387 2069 1425 2136 δὲ
1445 2067 1490 2152 μή,

341 2171 583 2255 κατεστρέφετο
599 2164 641 2232 τά
657 2168 764 2234 πλοῖα
780 2166 815 2247 ἒξ
830 2162 876 2235 ὦν
892 2167 1197 2257 ἐμετεωρίσθησαν,
1215 2168 1278 2249 έξω
1293 2174 1353 2238 τοῦ
1375 2171 1490 2258 βάρους

340 2278 399 2338 τοῦ
423 2275 564 2358 φορτίου
586 2273 770 2356 γινομένου.

174 2423 227 2466 Ath.
242 2435 264 2478 ο.
278 2423 341 2474 29.³·
423 2375 703 2494 ἱ(Κατεσκεύασαν
743 2407 780 2473 δέ
818 2431 907 2485 τινες
940 2407 973 2475 ἐν
1007 2409 1189 2497 πολιορκίην
1221 2408 1393 2494 κλιμάκων
1425 2413 1488 2496 γένη

340 2509 566 2599 παραπλήσια
587 2523 660 2588 τοῖς
680 2513 875 2594 τιθεμένοις
905 2508 938 2578 ἐν
961 2524 1033 2587 τοῖς
1054 2511 1216 2594 θεάτροις
1238 2509 1326 2596 πρὸς
1348 2511 1393 2578 τὰ
1417 2537 1489 2598 προ-

225 2689 232 2708 x
341 2611 459 2700 σκήνια
488 2626 560 2690 τοῖς
588 2609 803 2700 ύποκριταῖς·
849 2611 1021 2701 ἐφάνησαν
1053 2618 1169 2698 μέντοι
1202 2605 1299 2680 ούδὲν
1329 2613 1488 2700 χρήσιμοι..

337 2709 452 2798 Ἡμεῖς
481 2714 517 2780 δέ
544 2720 814 2799 κατεχωρίσαμεν
846 2707 962 2794 αύτάς,
995 2713 1111 2782 διὰτὸ
1136 2714 1244 2794 ἐνίους
1266 2719 1333 2782 τῶν
1356 2719 1416 2782 νῦν
1437 2742 1489 2802 μη-

338 2819 481 2899 χανικῶν
512 2815 722 2905 ποιήσαντας
752 2817 1011 2903 παραδείγματα
1042 2811 1144 2885 αύτοῦ
1180 2822 1241 2885 τοῦ
1264 2818 1356 2898 ξένου
1380 2819 1489 2886 τούτου

340 2918 515 3004 θεάματος
538 2917 711 2997 ἐξαπατᾶν
734 2917 923 3006 ἐπιχειρεῖν.

427 3059 611 3142 Κτησίβιος
627 3055 663 3122 δέ
685 3049 897 3143 δἈσκρηνδς
920 3051 937 3122 δ
962 3055 996 3122 έν
1008 3049 1242 3145 Ἀλεξανδρείᾳ
1263 3056 1443 3146 μηχανικὸς
1463 3055 1489 3121 ἐν

341 3169 413 3234 τοῖς
440 3152 659 3244 ὑπομνήμασι
687 3157 907 3242 κατεχώρισεν
935 3155 1022 3224 ὥστε
1051 3157 1109 3226 ἐπὶ
1138 3157 1175 3226 τὸ
1198 3171 1306 3242 τεῖχος
1329 3154 1408 3226 ύνευ
1429 3160 1488 3224 κλῖ-

341 3283 445 3343 μακος
462 3252 655 3342 άναβαίνειν
672 3259 728 3328 διὰ
743 3259 978 3349 μηχανήματος
992 3260 1157 3328 τοιούτου.
1192 3263 1281 3350 Φησὶ
1305 3261 1374 3328 δεῖν
1396 3288 1488 3328 κοτα-

343 3361 502 3428 σκεοάσαι
534 3355 664 3445 άμαξαν
693 3362 910 3449 τετράκυκλον
938 3363 995 3428 καὶ
1024 3360 1082 3428 ἐπ’
1114 3356 1216 3442 αύτύς
1245 3367 1367 3450 στῆσαι
1402 3363 1488 3442 ξύλον

342 3463 487 3549 πλάγιον
520 3465 747 3550 τετράγωνον,
782 3463 926 3544 έκκοπάς
960 3464 1033 3548 ἐ’χον
1056 3464 1259 3551 στρογγύλας
1281 3465 1316 3545 ἐξ
1343 3465 1487 3550 ἑκατέρου

342 3571 472 3651 μέρους,
495 3566 688 3650 κινούμενον
704 3567 752 3646 είς
768 3563 826 3635 δύο
843 3568 924 3647 ξύλα
946 3562 1052 3652 ύρθια
1073 3569 1129 3634 καὶ
1152 3569 1232 3654 περὶ
1256 3561 1336 3636 αύτδ
1362 3568 1487 3654 σύριγγα

344 3674 541 3752 περιθεῖναι
555 3670 821 3758 κηλωνευομένην
836 3663 1032 3758 τηλικαύτην
1052 3672 1100 3754 τῷ
1114 3673 1253 3756 μεγέθει
1274 3663 1361 3738 ὥστε
1379 3681 1487 3756 χωρεῖν

344 3765 452 3856 δρθδν
475 3767 595 3858 άνδρα,
626 3773 751 3861 ῥηιδίως
782 3772 981 3841 εἰσελθόντα
1008 3772 1057 3852 εἰς
1084 3771 1144 3859 τὴν
1173 3772 1327 3860 σύριγγα,
1361 3773 1417 3840 ύτε
1437 3772 1486 3856 μὲν

204 3891 257 3933 Ath·
269 3903 290 3945 p.
301 3891 334 3934 ³0·
345 3875 626 3959 προπορεύεσθαι
649 3874 682 3941 ἑν
706 3868 798 3963 αὐτῇ,
822 3867 879 3942 ὅτε
902 3875 938 3942 δέ
957 3876 962 3958 Ι
983 3868 1181 3961 άναχωρεῖν·
1205 3868 1244 3942 ού
1265 3899 1303 3942 τε
1323 3880 1486 3960 γενομένου

344 3975 610 4061 μετεωρίζεσθαι
623 3974 683 4066 τὴν
702 3971 839 4065 σύριγγα
862 3977 899 4056 ἐξ
920 3971 1025 4064 οὗπερ
1046 3976 1161 4062 βούλει
1182 3981 1314 4062 μέρους.
1344 3983 1485 4046 Πίπτον·

343 4104 401 4158 τος
429 4077 492 4165 γὰρ
521 4078 579 4145 ἐπὶ
607 4083 667 4145 τού
694 4077 841 4167 ἐδάφους
863 4078 937 4158 ἑνὸς
958 4079 1079 4165 μέρους
1100 4082 1159 4168 τῆς
1182 4080 1351 4168 σύριγγος,
1380 4073 1484 4147 διὰτὸ

345 4181 403 4249 ἐπὶ
422 4180 483 4260 τὰς
505 4180 639 4260 ἑκκοκάς
660 4185 720 4248 τού
742 4182 839 4261 ξύλου
861 4175 945 4248 καθ’
972 4181 1087 4266 ἑτέραν
1111 4176 1211 4250 αὐτοῦ
1233 4182 1381 4267 πλευράν
1403 4183 1484 4264 στρέ-
