<?xml version="1.0" encoding="UTF-8"?>
<!DOCTYPE html PUBLIC "-//W3C//DTD XHTML 1.0 Transitional//EN"
    "http://www.w3.org/TR/xhtml1/DTD/xhtml1-transitional.dtd">
<html xmlns="http://www.w3.org/1999/xhtml" xml:lang="en" lang="en">
 <head>
  <title>
</title>
<meta http-equiv="Content-Type" content="text/html;charset=utf-8" />
  <meta name='ocr-system' content='tesseract 3.04.00' />
  <meta name='ocr-capabilities' content='ocr_page ocr_carea ocr_par ocr_line ocrx_word'/>
</head>
<body>
  <div class='ocr_page' id='page_1' title='image "./leipzigerstudie00curtgoog_0362.png"; bbox 0 0 3198 4974; ppageno 0'>
   <div class='ocr_carea' id='block_1_1' title="bbox 308 343 997 404">
    <p class='ocr_par' dir='ltr' id='par_1_1' title="bbox 308 343 997 404">
     <span class='ocr_line' id='line_1_1' title="bbox 308 343 997 404; baseline -0.004 -2"><span class='ocrx_word' id='word_1_1' title='bbox 308 344 370 404; x_wconf 81' lang='lat'>178</span> <span class='ocrx_word' id='word_1_2' title='bbox 787 343 852 401; x_wconf 86' lang='lat' dir='ltr'>Otto</span> <span class='ocrx_word' id='word_1_3' title='bbox 870 345 997 402; x_wconf 81' lang='lat' dir='ltr'>Boclsscb</span> 
     </span>
    </p>
   </div>
   <div class='ocr_carea' id='block_1_2' title="bbox 306 517 1575 3348">
    <p class='ocr_par' dir='ltr' id='par_1_2' title="bbox 306 517 1519 2740">
     <span class='ocr_line' id='line_1_2' title="bbox 309 517 1478 605; baseline 0.003 -21"><span class='ocrx_word' id='word_1_4' title='bbox 309 537 374 584; x_wconf 91' lang='lat' dir='ltr'>una</span> <span class='ocrx_word' id='word_1_5' title='bbox 395 523 504 585; x_wconf 87' lang='lat' dir='ltr'>autem</span> <span class='ocrx_word' id='word_1_6' title='bbox 527 518 561 583; x_wconf 91' lang='lat' dir='ltr'>in</span> <span class='ocrx_word' id='word_1_7' title='bbox 583 523 676 604; x_wconf 83' lang='lat' dir='ltr'>perte</span> <span class='ocrx_word' id='word_1_8' title='bbox 692 517 847 602; x_wconf 89' lang='lat' dir='ltr'>Licinius,</span> <span class='ocrx_word' id='word_1_9' title='bbox 869 519 1058 586; x_wconf 78' lang='lat' dir='ltr'><strong>recentioris</strong></span> <span class='ocrx_word' id='word_1_10' title='bbox 1080 521 1197 588; x_wconf 87' lang='lat' dir='ltr'>aetatis</span> <span class='ocrx_word' id='word_1_11' title='bbox 1219 526 1342 602; x_wconf 87' lang='lat' dir='ltr'>auctor,</span> <span class='ocrx_word' id='word_1_12' title='bbox 1365 528 1478 605; x_wconf 88' lang='lat' dir='ltr'>aperte</span> 
     </span>
     <span class='ocr_line' id='line_1_3' title="bbox 308 620 1477 705; baseline 0.003 -19"><span class='ocrx_word' id='word_1_13' title='bbox 308 621 457 703; x_wconf 84' lang='lat' dir='ltr'>cognitus</span> <span class='ocrx_word' id='word_1_14' title='bbox 473 626 560 686; x_wconf 79' lang='lat' dir='ltr'>esset</span> <span class='ocrx_word' id='word_1_15' title='bbox 574 626 607 687; x_wconf 90' lang='lat' dir='ltr'>et</span> <span class='ocrx_word' id='word_1_16' title='bbox 622 620 751 702; x_wconf 87' lang='lat' dir='ltr'>talibus,</span> <span class='ocrx_word' id='word_1_17' title='bbox 775 621 886 703; x_wconf 88' lang='lat' dir='ltr'>qualia</span> <span class='ocrx_word' id='word_1_18' title='bbox 902 620 999 687; x_wconf 93' lang='lat' dir='ltr'>modo</span> <span class='ocrx_word' id='word_1_19' title='bbox 1023 623 1220 705; x_wconf 80' lang='lat' dir='ltr'>enumeravi,</span> <span class='ocrx_word' id='word_1_20' title='bbox 1243 621 1374 690; x_wconf 90' lang='lat' dir='ltr'>indiciis</span> <span class='ocrx_word' id='word_1_21' title='bbox 1397 623 1477 690; x_wconf 92' lang='lat' dir='ltr'>certi</span> 
     </span>
     <span class='ocr_line' id='line_1_4' title="bbox 309 721 1477 807; baseline 0.003 -21"><span class='ocrx_word' id='word_1_22' title='bbox 309 721 442 804; x_wconf 90' lang='lat' dir='ltr'>quidam</span> <span class='ocrx_word' id='word_1_23' title='bbox 458 722 553 805; x_wconf 92' lang='lat' dir='ltr'>eique</span> <span class='ocrx_word' id='word_1_24' title='bbox 575 721 743 789; x_wconf 83' lang='lat' dir='ltr'>inferiores</span> <span class='ocrx_word' id='word_1_25' title='bbox 766 723 941 788; x_wconf 82' lang='lat' dir='ltr'>memoriae</span> <span class='ocrx_word' id='word_1_26' title='bbox 963 723 1084 807; x_wconf 88' lang='lat' dir='ltr'>gradus</span> <span class='ocrx_word' id='word_1_27' title='bbox 1108 731 1140 790; x_wconf 91' lang='lat' dir='ltr'>et</span> <span class='ocrx_word' id='word_1_28' title='bbox 1161 730 1286 792; x_wconf 88' lang='lat' dir='ltr'>aetates</span> <span class='ocrx_word' id='word_1_29' title='bbox 1308 729 1477 792; x_wconf 89' lang='lat' dir='ltr'>auctorum</span> 
     </span>
     <span class='ocr_line' id='line_1_5' title="bbox 309 822 1478 910; baseline 0.002 -20"><span class='ocrx_word' id='word_1_30' title='bbox 309 822 578 907; x_wconf 86' lang='lat' dir='ltr'>significarentur,</span> <span class='ocrx_word' id='word_1_31' title='bbox 600 829 774 908; x_wconf 88' lang='lat' dir='ltr'>propterea</span> <span class='ocrx_word' id='word_1_32' title='bbox 796 824 861 890; x_wconf 91' lang='lat' dir='ltr'>illis</span> <span class='ocrx_word' id='word_1_33' title='bbox 885 825 949 889; x_wconf 87' lang='lat' dir='ltr'>iam</span> <span class='ocrx_word' id='word_1_34' title='bbox 971 824 1132 891; x_wconf 90' lang='lat' dir='ltr'>Licinium</span> <span class='ocrx_word' id='word_1_35' title='bbox 1155 826 1262 910; x_wconf 89' lang='lat' dir='ltr'>ipsum</span> <span class='ocrx_word' id='word_1_36' title='bbox 1284 825 1389 910; x_wconf 91' lang='lat' dir='ltr'>prodi.</span> <span class='ocrx_word' id='word_1_37' title='bbox 1434 828 1478 892; x_wconf 83' lang='lat' dir='ltr'>At</span> 
     </span>
     <span class='ocr_line' id='line_1_6' title="bbox 308 925 1478 1010; baseline 0.002 -20"><span class='ocrx_word' id='word_1_38' title='bbox 308 927 447 1009; x_wconf 89' lang='lat' dir='ltr'>primum</span> <span class='ocrx_word' id='word_1_39' title='bbox 461 945 526 991; x_wconf 92' lang='lat' dir='ltr'>non</span> <span class='ocrx_word' id='word_1_40' title='bbox 541 925 646 992; x_wconf 91' lang='lat' dir='ltr'>solum</span> <span class='ocrx_word' id='word_1_41' title='bbox 661 925 781 1009; x_wconf 85' lang='lat' dir='ltr'>Macer,</span> <span class='ocrx_word' id='word_1_42' title='bbox 804 925 863 993; x_wconf 90' lang='lat' dir='ltr'>sed</span> <span class='ocrx_word' id='word_1_43' title='bbox 885 927 982 992; x_wconf 90' lang='lat' dir='ltr'>etiam</span> <span class='ocrx_word' id='word_1_44' title='bbox 1005 926 1063 991; x_wconf 90' lang='lat' dir='ltr'>alii</span> <span class='ocrx_word' id='word_1_45' title='bbox 1086 947 1193 993; x_wconf 87' lang='lat' dir='ltr'>rerum</span> <span class='ocrx_word' id='word_1_46' title='bbox 1215 927 1390 1010; x_wconf 86' lang='lat' dir='ltr'>scriptores</span> <span class='ocrx_word' id='word_1_47' title='bbox 1412 947 1478 993; x_wconf 91' lang='lat' dir='ltr'>non</span> 
     </span>
     <span class='ocr_line' id='line_1_7' title="bbox 308 1026 1478 1112; baseline 0 -18"><span class='ocrx_word' id='word_1_48' title='bbox 308 1026 499 1112; x_wconf 84' lang='lat' dir='ltr'>simpliciter</span> <span class='ocrx_word' id='word_1_49' title='bbox 528 1034 646 1094; x_wconf 87' lang='lat' dir='ltr'>eventa</span> <span class='ocrx_word' id='word_1_50' title='bbox 673 1029 882 1111; x_wconf 87' lang='lat' dir='ltr'>rettulerunt,</span> <span class='ocrx_word' id='word_1_51' title='bbox 912 1026 971 1095; x_wconf 90' lang='lat' dir='ltr'>sed</span> <span class='ocrx_word' id='word_1_52' title='bbox 1000 1029 1212 1111; x_wconf 76' lang='lat' dir='ltr'>sagacitatem</span> <span class='ocrx_word' id='word_1_53' title='bbox 1240 1027 1347 1111; x_wconf 89' lang='lat' dir='ltr'>illam,</span> <span class='ocrx_word' id='word_1_54' title='bbox 1379 1047 1478 1112; x_wconf 88' lang='lat' dir='ltr'>quam</span> 
     </span>
     <span class='ocr_line' id='line_1_8' title="bbox 308 1128 1477 1214; baseline 0 -18"><span class='ocrx_word' id='word_1_55' title='bbox 308 1130 475 1214; x_wconf 90' lang='lat' dir='ltr'>putabant,</span> <span class='ocrx_word' id='word_1_56' title='bbox 498 1135 531 1194; x_wconf 90' lang='lat' dir='ltr'>ct</span> <span class='ocrx_word' id='word_1_57' title='bbox 546 1128 749 1211; x_wconf 79' lang='lat' dir='ltr'>diligentiam</span> <span class='ocrx_word' id='word_1_58' title='bbox 770 1129 1008 1213; x_wconf 84' lang='lat' dir='ltr'>appetiverunt,</span> <span class='ocrx_word' id='word_1_59' title='bbox 1031 1135 1067 1195; x_wconf 91' lang='lat' dir='ltr'>ut</span> <span class='ocrx_word' id='word_1_60' title='bbox 1089 1132 1207 1214; x_wconf 90' lang='lat' dir='ltr'>quibus</span> <span class='ocrx_word' id='word_1_61' title='bbox 1230 1131 1273 1196; x_wconf 90' lang='lat' dir='ltr'>de</span> <span class='ocrx_word' id='word_1_62' title='bbox 1295 1130 1402 1196; x_wconf 89' lang='lat' dir='ltr'>causis</span> <span class='ocrx_word' id='word_1_63' title='bbox 1424 1149 1477 1196; x_wconf 87' lang='lat' dir='ltr'>res</span> 
     </span>
     <span class='ocr_line' id='line_1_9' title="bbox 307 1230 1477 1316; baseline -0.002 -18"><span class='ocrx_word' id='word_1_64' title='bbox 307 1239 420 1315; x_wconf 83' lang='lat' dir='ltr'>gestae</span> <span class='ocrx_word' id='word_1_65' title='bbox 449 1237 572 1313; x_wconf 87' lang='lat' dir='ltr'>essent,</span> <span class='ocrx_word' id='word_1_66' title='bbox 603 1231 719 1314; x_wconf 89' lang='lat' dir='ltr'>quibus</span> <span class='ocrx_word' id='word_1_67' title='bbox 740 1231 920 1297; x_wconf 91' lang='lat' dir='ltr'>rationibus</span> <span class='ocrx_word' id='word_1_68' title='bbox 943 1230 1092 1299; x_wconf 92' lang='lat' dir='ltr'>homines</span> <span class='ocrx_word' id='word_1_69' title='bbox 1114 1233 1283 1316; x_wconf 91' lang='lat' dir='ltr'>commoti,</span> <span class='ocrx_word' id='word_1_70' title='bbox 1313 1231 1477 1315; x_wconf 91' lang='lat' dir='ltr'>quomodo</span> 
     </span>
     <span class='ocr_line' id='line_1_10' title="bbox 308 1331 1477 1419; baseline -0.001 -20"><span class='ocrx_word' id='word_1_71' title='bbox 308 1334 437 1418; x_wconf 88' lang='lat' dir='ltr'>singula</span> <span class='ocrx_word' id='word_1_72' title='bbox 470 1331 695 1414; x_wconf 88' lang='lat' dir='ltr'>cohaererent,</span> <span class='ocrx_word' id='word_1_73' title='bbox 730 1332 1004 1417; x_wconf 88' lang='lat' dir='ltr'>demonstrarent;</span> <span class='ocrx_word' id='word_1_74' title='bbox 1037 1333 1073 1399; x_wconf 92' lang='lat' dir='ltr'>id</span> <span class='ocrx_word' id='word_1_75' title='bbox 1105 1335 1194 1418; x_wconf 93' lang='lat' dir='ltr'>quod</span> <span class='ocrx_word' id='word_1_76' title='bbox 1223 1336 1295 1419; x_wconf 91' lang='lat' dir='ltr'>ipse</span> <span class='ocrx_word' id='word_1_77' title='bbox 1324 1331 1477 1399; x_wconf 87' lang='lat' dir='ltr'>Virokius</span> 
     </span>
     <span class='ocr_line' id='line_1_11' title="bbox 309 1433 1478 1520; baseline 0.002 -22"><span class='ocrx_word' id='word_1_78' title='bbox 309 1439 352 1520; x_wconf 86' lang='lat' dir='ltr'>(p.</span> <span class='ocrx_word' id='word_1_79' title='bbox 374 1437 428 1514; x_wconf 78' lang='lat'>27)</span> <span class='ocrx_word' id='word_1_80' title='bbox 458 1434 500 1500; x_wconf 89' lang='lat' dir='ltr'>de</span> <span class='ocrx_word' id='word_1_81' title='bbox 530 1433 661 1500; x_wconf 90' lang='lat' dir='ltr'>Valerio</span> <span class='ocrx_word' id='word_1_82' title='bbox 683 1433 815 1500; x_wconf 86' lang='lat' dir='ltr'>Antiete</span> <span class='ocrx_word' id='word_1_83' title='bbox 844 1435 987 1519; x_wconf 88' lang='lat' dir='ltr'>exponit.</span> <span class='ocrx_word' id='word_1_84' title='bbox 1034 1435 1118 1501; x_wconf 82' lang='lat' dir='ltr'>Tum</span> <span class='ocrx_word' id='word_1_85' title='bbox 1147 1441 1273 1518; x_wconf 89' lang='lat' dir='ltr'>autem,</span> <span class='ocrx_word' id='word_1_86' title='bbox 1304 1454 1378 1502; x_wconf 90' lang='lat' dir='ltr'>cnm</span> <span class='ocrx_word' id='word_1_87' title='bbox 1406 1453 1478 1502; x_wconf 91' lang='lat' dir='ltr'>mos</span> 
     </span>
     <span class='ocr_line' id='line_1_12' title="bbox 307 1535 1477 1620; baseline -0.003 -16"><span class='ocrx_word' id='word_1_88' title='bbox 307 1538 407 1604; x_wconf 84' lang='lat' dir='ltr'>luerit</span> <span class='ocrx_word' id='word_1_89' title='bbox 421 1536 585 1603; x_wconf 73' lang='lat' dir='ltr'>annalium</span> <span class='ocrx_word' id='word_1_90' title='bbox 601 1537 793 1619; x_wconf 90' lang='lat' dir='ltr'>scriptorum</span> <span class='ocrx_word' id='word_1_91' title='bbox 809 1535 1027 1603; x_wconf 90' lang='lat' dir='ltr'>Romanorum</span> <span class='ocrx_word' id='word_1_92' title='bbox 1051 1557 1117 1620; x_wconf 90' lang='lat' dir='ltr'>eos,</span> <span class='ocrx_word' id='word_1_93' title='bbox 1141 1538 1197 1620; x_wconf 91' lang='lat' dir='ltr'>qui</span> <span class='ocrx_word' id='word_1_94' title='bbox 1219 1544 1317 1604; x_wconf 89' lang='lat' dir='ltr'>antea</span> <span class='ocrx_word' id='word_1_95' title='bbox 1338 1536 1477 1619; x_wconf 89' lang='lat' dir='ltr'>seripse-</span> 
     </span>
     <span class='ocr_line' id='line_1_13' title="bbox 306 1637 1477 1722; baseline -0.001 -17"><span class='ocrx_word' id='word_1_96' title='bbox 306 1645 395 1722; x_wconf 91' lang='lat' dir='ltr'>raut,</span> <span class='ocrx_word' id='word_1_97' title='bbox 425 1640 459 1704; x_wconf 93' lang='lat' dir='ltr'>iu</span> <span class='ocrx_word' id='word_1_98' title='bbox 481 1657 573 1704; x_wconf 90' lang='lat' dir='ltr'>suum</span> <span class='ocrx_word' id='word_1_99' title='bbox 596 1655 690 1704; x_wconf 90' lang='lat' dir='ltr'>usum</span> <span class='ocrx_word' id='word_1_100' title='bbox 713 1655 842 1720; x_wconf 87' lang='lat' dir='ltr'>vocare,</span> <span class='ocrx_word' id='word_1_101' title='bbox 866 1656 950 1721; x_wconf 89' lang='lat' dir='ltr'>quae</span> <span class='ocrx_word' id='word_1_102' title='bbox 973 1640 1022 1704; x_wconf 95' lang='lat' dir='ltr'>illi</span> <span class='ocrx_word' id='word_1_103' title='bbox 1044 1637 1256 1721; x_wconf 84' lang='lat' dir='ltr'>tradiderant,</span> <span class='ocrx_word' id='word_1_104' title='bbox 1279 1638 1477 1722; x_wconf 76' lang='lat' dir='ltr'>exscribere,</span> 
     </span>
     <span class='ocr_line' id='line_1_14' title="bbox 307 1737 1478 1824; baseline 0 -18"><span class='ocrx_word' id='word_1_105' title='bbox 307 1741 487 1822; x_wconf 89' lang='lat' dir='ltr'>immutare,</span> <span class='ocrx_word' id='word_1_106' title='bbox 502 1737 712 1822; x_wconf 87' lang='lat' dir='ltr'>amplificare,</span> <span class='ocrx_word' id='word_1_107' title='bbox 735 1739 806 1805; x_wconf 93' lang='lat' dir='ltr'>siue</span> <span class='ocrx_word' id='word_1_108' title='bbox 823 1739 922 1806; x_wconf 92' lang='lat' dir='ltr'>dubio</span> <span class='ocrx_word' id='word_1_109' title='bbox 937 1739 1009 1806; x_wconf 87' lang='lat' dir='ltr'>fieri</span> <span class='ocrx_word' id='word_1_110' title='bbox 1024 1741 1139 1824; x_wconf 82' lang='lat' dir='ltr'>potuit,</span> <span class='ocrx_word' id='word_1_111' title='bbox 1162 1747 1198 1806; x_wconf 92' lang='lat' dir='ltr'>ut</span> <span class='ocrx_word' id='word_1_112' title='bbox 1213 1741 1278 1808; x_wconf 89' lang='lat' dir='ltr'>duo</span> <span class='ocrx_word' id='word_1_113' title='bbox 1295 1741 1351 1806; x_wconf 88' lang='lat' dir='ltr'>vel</span> <span class='ocrx_word' id='word_1_114' title='bbox 1365 1741 1478 1824; x_wconf 86' lang='lat' dir='ltr'>plures</span> 
     </span>
     <span class='ocr_line' id='line_1_15' title="bbox 306 1839 1478 1925; baseline -0.002 -17"><span class='ocrx_word' id='word_1_115' title='bbox 306 1844 413 1909; x_wconf 85' lang='lat' dir='ltr'>fontes</span> <span class='ocrx_word' id='word_1_116' title='bbox 432 1839 593 1908; x_wconf 91' lang='lat' dir='ltr'>eiusmodi</span> <span class='ocrx_word' id='word_1_117' title='bbox 615 1841 648 1905; x_wconf 92' lang='lat' dir='ltr'>in</span> <span class='ocrx_word' id='word_1_118' title='bbox 670 1840 858 1908; x_wconf 87' lang='lat' dir='ltr'>universum</span> <span class='ocrx_word' id='word_1_119' title='bbox 880 1843 1117 1910; x_wconf 89' lang='lat' dir='ltr'>consentientes</span> <span class='ocrx_word' id='word_1_120' title='bbox 1140 1841 1300 1925; x_wconf 85' lang='lat' dir='ltr'>Dionysio</span> <span class='ocrx_word' id='word_1_121' title='bbox 1323 1861 1360 1908; x_wconf 92' lang='lat' dir='ltr'>se</span> <span class='ocrx_word' id='word_1_122' title='bbox 1381 1840 1478 1908; x_wconf 86' lang='lat' dir='ltr'>offer·</span> 
     </span>
     <span class='ocr_line' id='line_1_16' title="bbox 307 1942 1478 2027; baseline -0.002 -17"><span class='ocrx_word' id='word_1_123' title='bbox 307 1951 395 2024; x_wconf 92' lang='lat' dir='ltr'>rent,</span> <span class='ocrx_word' id='word_1_124' title='bbox 424 1942 541 2026; x_wconf 90' lang='lat' dir='ltr'>quibus</span> <span class='ocrx_word' id='word_1_125' title='bbox 568 1942 751 2025; x_wconf 91' lang='lat' dir='ltr'>promiscue</span> <span class='ocrx_word' id='word_1_126' title='bbox 779 1943 827 2008; x_wconf 92' lang='lat' dir='ltr'>uti</span> <span class='ocrx_word' id='word_1_127' title='bbox 855 1950 966 2027; x_wconf 89' lang='lat' dir='ltr'>posset</span> <span class='ocrx_word' id='word_1_128' title='bbox 988 1963 1050 2010; x_wconf 93' lang='lat' dir='ltr'>nec</span> <span class='ocrx_word' id='word_1_129' title='bbox 1072 1945 1346 2012; x_wconf 77' lang='lat' dir='ltr'>continuationem</span> <span class='ocrx_word' id='word_1_130' title='bbox 1369 1963 1478 2010; x_wconf 89' lang='lat' dir='ltr'>rernm</span> 
     </span>
     <span class='ocr_line' id='line_1_17' title="bbox 308 2043 1479 2129; baseline 0 -17"><span class='ocrx_word' id='word_1_131' title='bbox 308 2047 422 2112; x_wconf 92' lang='lat' dir='ltr'>delens</span> <span class='ocrx_word' id='word_1_132' title='bbox 444 2063 550 2127; x_wconf 91' lang='lat' dir='ltr'>nequo</span> <span class='ocrx_word' id='word_1_133' title='bbox 573 2043 720 2110; x_wconf 87' lang='lat' dir='ltr'>ordinem</span> <span class='ocrx_word' id='word_1_134' title='bbox 742 2045 936 2112; x_wconf 85' lang='lat' dir='ltr'>narrationis</span> <span class='ocrx_word' id='word_1_135' title='bbox 958 2046 1054 2111; x_wconf 91' lang='lat' dir='ltr'>nimis</span> <span class='ocrx_word' id='word_1_136' title='bbox 1076 2047 1278 2129; x_wconf 88' lang='lat' dir='ltr'>perturbans.</span> <span class='ocrx_word' id='word_1_137' title='bbox 1323 2045 1420 2125; x_wconf 80' lang='lat' dir='ltr'>Quod</span> <span class='ocrx_word' id='word_1_138' title='bbox 1442 2065 1479 2112; x_wconf 91' lang='lat' dir='ltr'>re</span> 
     </span>
     <span class='ocr_line' id='line_1_18' title="bbox 308 2145 1480 2232; baseline -0.003 -16"><span class='ocrx_word' id='word_1_139' title='bbox 308 2168 388 2216; x_wconf 85' lang='lat' dir='ltr'>vera</span> <span class='ocrx_word' id='word_1_140' title='bbox 409 2146 602 2229; x_wconf 88' lang='lat' dir='ltr'>Dionysium</span> <span class='ocrx_word' id='word_1_141' title='bbox 630 2145 765 2225; x_wconf 83' lang='lat' dir='ltr'>fecisse,</span> <span class='ocrx_word' id='word_1_142' title='bbox 798 2165 994 2230; x_wconf 88' lang='lat' dir='ltr'>quamquam</span> <span class='ocrx_word' id='word_1_143' title='bbox 1025 2166 1044 2212; x_wconf 91' lang='lat' dir='ltr'>e</span> <span class='ocrx_word' id='word_1_144' title='bbox 1066 2148 1114 2213; x_wconf 85' lang='lat' dir='ltr'>rei</span> <span class='ocrx_word' id='word_1_145' title='bbox 1136 2155 1252 2214; x_wconf 88' lang='lat' dir='ltr'>natura</span> <span class='ocrx_word' id='word_1_146' title='bbox 1274 2149 1420 2232; x_wconf 84' lang='lat' dir='ltr'>sequitur</span> <span class='ocrx_word' id='word_1_147' title='bbox 1441 2154 1480 2214; x_wconf 86' lang='lat' dir='ltr'>ut</span> 
     </span>
     <span class='ocr_line' id='line_1_19' title="bbox 308 2247 1478 2333; baseline -0.003 -15"><span class='ocrx_word' id='word_1_148' title='bbox 308 2271 382 2318; x_wconf 85' lang='lat' dir='ltr'>raro</span> <span class='ocrx_word' id='word_1_149' title='bbox 404 2248 653 2333; x_wconf 85' lang='lat' dir='ltr'>perspiciamus,</span> <span class='ocrx_word' id='word_1_150' title='bbox 680 2253 789 2313; x_wconf 86' lang='lat' dir='ltr'>tamen</span> <span class='ocrx_word' id='word_1_151' title='bbox 811 2267 830 2314; x_wconf 91' lang='lat' dir='ltr'>e</span> <span class='ocrx_word' id='word_1_152' title='bbox 853 2247 1081 2333; x_wconf 87' lang='lat' dir='ltr'>discrepantiis</span> <span class='ocrx_word' id='word_1_153' title='bbox 1103 2249 1264 2316; x_wconf 90' lang='lat' dir='ltr'>interdum</span> <span class='ocrx_word' id='word_1_154' title='bbox 1287 2257 1345 2315; x_wconf 89' lang='lat' dir='ltr'>aut</span> <span class='ocrx_word' id='word_1_155' title='bbox 1366 2251 1478 2316; x_wconf 91' lang='lat' dir='ltr'>incon-</span> 
     </span>
     <span class='ocr_line' id='line_1_20' title="bbox 308 2348 1479 2436; baseline -0.003 -16"><span class='ocrx_word' id='word_1_156' title='bbox 308 2354 428 2421; x_wconf 87' lang='lat' dir='ltr'>stantia</span> <span class='ocrx_word' id='word_1_157' title='bbox 449 2348 589 2436; x_wconf 84' lang='lat' dir='ltr'>quadem</span> <span class='ocrx_word' id='word_1_158' title='bbox 613 2350 848 2435; x_wconf 85' lang='lat' dir='ltr'>cognoscimus,</span> <span class='ocrx_word' id='word_1_159' title='bbox 871 2356 904 2416; x_wconf 89' lang='lat' dir='ltr'>et</span> <span class='ocrx_word' id='word_1_160' title='bbox 926 2352 996 2434; x_wconf 88' lang='lat' dir='ltr'>ipse</span> <span class='ocrx_word' id='word_1_161' title='bbox 1013 2349 1165 2418; x_wconf 86' lang='lat' dir='ltr'>Virokius</span> <span class='ocrx_word' id='word_1_162' title='bbox 1187 2350 1251 2418; x_wconf 92' lang='lat' dir='ltr'>bac</span> <span class='ocrx_word' id='word_1_163' title='bbox 1271 2352 1397 2418; x_wconf 88' lang='lat' dir='ltr'>ratione</span> <span class='ocrx_word' id='word_1_164' title='bbox 1418 2351 1479 2416; x_wconf 90' lang='lat' dir='ltr'>ad-</span> 
     </span>
     <span class='ocr_line' id='line_1_21' title="bbox 308 2451 1519 2538; baseline -0.002 -17"><span class='ocrx_word' id='word_1_165' title='bbox 308 2456 413 2522; x_wconf 85' lang='lat' dir='ltr'>bibita</span> <span class='ocrx_word' id='word_1_166' title='bbox 443 2458 572 2538; x_wconf 88' lang='lat' dir='ltr'>praeter</span> <span class='ocrx_word' id='word_1_167' title='bbox 601 2451 762 2517; x_wconf 89' lang='lat' dir='ltr'>Licinium</span> <span class='ocrx_word' id='word_1_168' title='bbox 791 2451 958 2518; x_wconf 89' lang='lat' dir='ltr'>Valerium</span> <span class='ocrx_word' id='word_1_169' title='bbox 986 2453 1152 2519; x_wconf 85' lang='lat' dir='ltr'>Antiatem</span> <span class='ocrx_word' id='word_1_170' title='bbox 1181 2471 1202 2518; x_wconf 92' lang='lat' dir='ltr'>a</span> <span class='ocrx_word' id='word_1_171' title='bbox 1230 2453 1391 2537; x_wconf 86' lang='lat' dir='ltr'>Dionysio</span> <span class='ocrx_word' id='word_1_172' title='bbox 1421 2472 1478 2518; x_wconf 88' lang='lat' dir='ltr'>cx·</span> <span class='ocrx_word' id='word_1_173' title='bbox 1515 2479 1519 2486; x_wconf 92' lang='lat'><em>·</em></span> 
     </span>
     <span class='ocr_line' id='line_1_22' title="bbox 309 2554 1478 2640; baseline -0.003 -16"><span class='ocrx_word' id='word_1_174' title='bbox 309 2558 463 2640; x_wconf 88' lang='lat' dir='ltr'>scriptum</span> <span class='ocrx_word' id='word_1_175' title='bbox 496 2573 568 2620; x_wconf 91' lang='lat' dir='ltr'>esse</span> <span class='ocrx_word' id='word_1_176' title='bbox 604 2554 844 2639; x_wconf 82' lang='lat' dir='ltr'>comprobavit,</span> <span class='ocrx_word' id='word_1_177' title='bbox 879 2573 939 2620; x_wconf 89' lang='lat' dir='ltr'>uec</span> <span class='ocrx_word' id='word_1_178' title='bbox 971 2575 1037 2621; x_wconf 93' lang='lat' dir='ltr'>non</span> <span class='ocrx_word' id='word_1_179' title='bbox 1071 2574 1132 2637; x_wconf 89' lang='lat' dir='ltr'>ego</span> <span class='ocrx_word' id='word_1_180' title='bbox 1161 2555 1347 2638; x_wconf 89' lang='lat' dir='ltr'>exemplum</span> <span class='ocrx_word' id='word_1_181' title='bbox 1377 2573 1478 2620; x_wconf 90' lang='lat' dir='ltr'>unum</span> 
     </span>
     <span class='ocr_line' id='line_1_23' title="bbox 308 2655 804 2740; baseline -0.008 -16"><span class='ocrx_word' id='word_1_182' title='bbox 308 2658 510 2740; x_wconf 89' lang='lat' dir='ltr'>altorumque</span> <span class='ocrx_word' id='word_1_183' title='bbox 531 2655 701 2722; x_wconf 86' lang='lat' dir='ltr'>adlaturus</span> <span class='ocrx_word' id='word_1_184' title='bbox 723 2673 804 2722; x_wconf 92' lang='lat' dir='ltr'>sum.</span> 
     </span>
    </p>

    <p class='ocr_par' dir='ltr' id='par_1_3' title="bbox 308 2756 1575 3348">
     <span class='ocr_line' id='line_1_24' title="bbox 393 2756 1478 2843; baseline 0.001 -19"><span class='ocrx_word' id='word_1_185' title='bbox 393 2759 515 2840; x_wconf 89' lang='lat' dir='ltr'>Restat,</span> <span class='ocrx_word' id='word_1_186' title='bbox 538 2765 574 2825; x_wconf 87' lang='lat' dir='ltr'>ut</span> <span class='ocrx_word' id='word_1_187' title='bbox 589 2757 742 2843; x_wconf 86' lang='lat' dir='ltr'>profitear</span> <span class='ocrx_word' id='word_1_188' title='bbox 756 2776 809 2822; x_wconf 90' lang='lat' dir='ltr'>me</span> <span class='ocrx_word' id='word_1_189' title='bbox 831 2775 938 2840; x_wconf 90' lang='lat' dir='ltr'>neque</span> <span class='ocrx_word' id='word_1_190' title='bbox 960 2757 1027 2824; x_wconf 86' lang='lat' dir='ltr'>alia</span> <span class='ocrx_word' id='word_1_191' title='bbox 1048 2757 1213 2842; x_wconf 89' lang='lat' dir='ltr'>quaedam</span> <span class='ocrx_word' id='word_1_192' title='bbox 1236 2756 1368 2839; x_wconf 86' lang='lat' dir='ltr'>indicia,</span> <span class='ocrx_word' id='word_1_193' title='bbox 1392 2777 1478 2842; x_wconf 88' lang='lat' dir='ltr'>quae</span> 
     </span>
     <span class='ocr_line' id='line_1_25' title="bbox 310 2857 1478 2943; baseline -0.002 -15"><span class='ocrx_word' id='word_1_194' title='bbox 310 2860 462 2928; x_wconf 88' lang='lat' dir='ltr'>Virekius</span> <span class='ocrx_word' id='word_1_195' title='bbox 494 2860 697 2943; x_wconf 86' lang='lat' dir='ltr'>perlustratis</span> <span class='ocrx_word' id='word_1_196' title='bbox 724 2859 761 2924; x_wconf 89' lang='lat' dir='ltr'>V.</span> <span class='ocrx_word' id='word_1_197' title='bbox 797 2865 830 2924; x_wconf 91' lang='lat' dir='ltr'>et</span> <span class='ocrx_word' id='word_1_198' title='bbox 855 2857 909 2923; x_wconf 89' lang='lat' dir='ltr'>VI.</span> <span class='ocrx_word' id='word_1_199' title='bbox 936 2857 1090 2942; x_wconf 84' lang='lat' dir='ltr'>Dionysii</span> <span class='ocrx_word' id='word_1_200' title='bbox 1117 2860 1209 2926; x_wconf 88' lang='lat' dir='ltr'>libris</span> <span class='ocrx_word' id='word_1_201' title='bbox 1239 2866 1272 2926; x_wconf 92' lang='lat' dir='ltr'>et</span> <span class='ocrx_word' id='word_1_202' title='bbox 1300 2879 1372 2926; x_wconf 92' lang='lat' dir='ltr'>cum</span> <span class='ocrx_word' id='word_1_203' title='bbox 1402 2861 1478 2927; x_wconf 89' lang='lat' dir='ltr'>aliis</span> 
     </span>
     <span class='ocr_line' id='line_1_26' title="bbox 308 2960 1477 3046; baseline -0.003 -16"><span class='ocrx_word' id='word_1_204' title='bbox 308 2963 494 3030; x_wconf 86' lang='lat' dir='ltr'>auctoribus</span> <span class='ocrx_word' id='word_1_205' title='bbox 510 2962 637 3029; x_wconf 89' lang='lat' dir='ltr'>collatis</span> <span class='ocrx_word' id='word_1_206' title='bbox 651 2967 782 3046; x_wconf 84' lang='lat' dir='ltr'>repertu</span> <span class='ocrx_word' id='word_1_207' title='bbox 802 2961 846 3026; x_wconf 90' lang='lat' dir='ltr'>ad</span> <span class='ocrx_word' id='word_1_208' title='bbox 860 2960 1063 3027; x_wconf 78' lang='lat' dir='ltr'>Licinianum</span> <span class='ocrx_word' id='word_1_209' title='bbox 1085 2962 1275 3027; x_wconf 88' lang='lat' dir='ltr'>memoriam</span> <span class='ocrx_word' id='word_1_210' title='bbox 1297 2981 1477 3046; x_wconf 89' lang='lat' dir='ltr'>agnoscen-</span> 
     </span>
     <span class='ocr_line' id='line_1_27' title="bbox 308 3061 1575 3152; baseline -0.002 -21"><span class='ocrx_word' id='word_1_211' title='bbox 308 3065 384 3131; x_wconf 91' lang='lat' dir='ltr'>dam</span> <span class='ocrx_word' id='word_1_212' title='bbox 406 3063 556 3130; x_wconf 89' lang='lat' dir='ltr'>adhiberi</span> <span class='ocrx_word' id='word_1_213' title='bbox 578 3083 676 3147; x_wconf 90' lang='lat' dir='ltr'>posse</span> <span class='ocrx_word' id='word_1_214' title='bbox 698 3063 888 3147; x_wconf 88' lang='lat' dir='ltr'>arbitratur,</span> <span class='ocrx_word' id='word_1_215' title='bbox 917 3082 976 3146; x_wconf 92' lang='lat' dir='ltr'>pro</span> <span class='ocrx_word' id='word_1_216' title='bbox 999 3063 1079 3128; x_wconf 90' lang='lat' dir='ltr'>satis</span> <span class='ocrx_word' id='word_1_217' title='bbox 1101 3064 1198 3130; x_wconf 92' lang='lat' dir='ltr'>certis</span> <span class='ocrx_word' id='word_1_218' title='bbox 1221 3061 1362 3146; x_wconf 91' lang='lat' dir='ltr'>habero,</span> <span class='ocrx_word' id='word_1_219' title='bbox 1392 3082 1479 3148; x_wconf 87' lang='lat' dir='ltr'>quae</span> <span class='ocrx_word' id='word_1_220' title='bbox 1574 3147 1575 3152; x_wconf 5' lang='grc' dir='ltr'>ἵ</span> 
     </span>
     <span class='ocr_line' id='line_1_28' title="bbox 308 3165 1575 3250; baseline -0.005 -16"><span class='ocrx_word' id='word_1_221' title='bbox 308 3167 415 3234; x_wconf 89' lang='lat' dir='ltr'>denuo</span> <span class='ocrx_word' id='word_1_222' title='bbox 445 3165 715 3250; x_wconf 88' lang='lat' dir='ltr'>disceptationem</span> <span class='ocrx_word' id='word_1_223' title='bbox 738 3165 940 3230; x_wconf 81' lang='lat' dir='ltr'>instituturus</span> <span class='ocrx_word' id='word_1_224' title='bbox 962 3183 1095 3246; x_wconf 85' lang='lat' dir='ltr'>sequar:</span> <span class='ocrx_word' id='word_1_225' title='bbox 1123 3171 1158 3230; x_wconf 92' lang='lat' dir='ltr'>ut</span> <span class='ocrx_word' id='word_1_226' title='bbox 1180 3183 1362 3248; x_wconf 88' lang='lat' dir='ltr'>pugnarum</span> <span class='ocrx_word' id='word_1_227' title='bbox 1384 3167 1478 3232; x_wconf 82' lang='lat' dir='ltr'>varie</span> <span class='ocrx_word' id='word_1_228' title='bbox 1574 3223 1575 3228; x_wconf 75' lang='grc'>,</span> 
     </span>
     <span class='ocr_line' id='line_1_29' title="bbox 308 3263 1477 3348; baseline -0.003 -12"><span class='ocrx_word' id='word_1_229' title='bbox 308 3277 340 3336; x_wconf 93' lang='lat' dir='ltr'>et</span> <span class='ocrx_word' id='word_1_230' title='bbox 371 3268 473 3336; x_wconf 78' lang='lat' dir='ltr'>effuse</span> <span class='ocrx_word' id='word_1_231' title='bbox 502 3265 762 3334; x_wconf 84' lang='lat' dir='ltr'>exornandamm</span> <span class='ocrx_word' id='word_1_232' title='bbox 792 3266 950 3348; x_wconf 91' lang='lat' dir='ltr'>studium,</span> <span class='ocrx_word' id='word_1_233' title='bbox 981 3263 1126 3332; x_wconf 81' lang='lat' dir='ltr'>familiae</span> <span class='ocrx_word' id='word_1_234' title='bbox 1155 3265 1291 3333; x_wconf 84' lang='lat' dir='ltr'>Larciae</span> <span class='ocrx_word' id='word_1_235' title='bbox 1319 3267 1477 3333; x_wconf 86' lang='lat' dir='ltr'>favorem.</span> 
     </span>
    </p>
   </div>
   <div class='ocr_carea' id='block_1_3' title="bbox 308 3366 1575 3450">
    <p class='ocr_par' dir='ltr' id='par_1_4' title="bbox 308 3366 1575 3450">
     <span class='ocr_line' id='line_1_30' title="bbox 308 3366 1575 3450; baseline -0.002 -13"><span class='ocrx_word' id='word_1_236' title='bbox 308 3371 416 3438; x_wconf 90' lang='lat' dir='ltr'>Unum</span> <span class='ocrx_word' id='word_1_237' title='bbox 445 3376 554 3436; x_wconf 86' lang='lat' dir='ltr'>tamon</span> <span class='ocrx_word' id='word_1_238' title='bbox 576 3368 836 3450; x_wconf 85' lang='lat' dir='ltr'>fundumentum,</span> <span class='ocrx_word' id='word_1_239' title='bbox 865 3369 900 3433; x_wconf 91' lang='lat' dir='ltr'>in</span> <span class='ocrx_word' id='word_1_240' title='bbox 922 3387 986 3450; x_wconf 90' lang='lat' dir='ltr'>qno</span> <span class='ocrx_word' id='word_1_241' title='bbox 1010 3366 1183 3434; x_wconf 85' lang='lat' dir='ltr'>bonafide</span> <span class='ocrx_word' id='word_1_242' title='bbox 1204 3387 1292 3434; x_wconf 87' lang='lat' dir='ltr'>nova</span> <span class='ocrx_word' id='word_1_243' title='bbox 1313 3367 1477 3450; x_wconf 81' lang='lat' dir='ltr'>quaedam</span> <span class='ocrx_word' id='word_1_244' title='bbox 1574 3423 1575 3442; x_wconf 66' lang='grc'>,</span> 
     </span>
    </p>
   </div>
   <div class='ocr_carea' id='block_1_4' title="bbox 257 3469 1575 3757">
    <p class='ocr_par' dir='ltr' id='par_1_5' title="bbox 257 3443 1575 3757">
     <span class='ocr_line' id='line_1_31' title="bbox 257 3469 1479 3555; baseline -0.001 -17"><span class='ocrx_word' id='word_1_245' title='bbox 257 3507 259 3518; x_wconf 85' lang='grc'><strong><em>·</em></strong></span> <span class='ocrx_word' id='word_1_246' title='bbox 307 3473 432 3553; x_wconf 88' lang='lat' dir='ltr'>erigere</span> <span class='ocrx_word' id='word_1_247' title='bbox 453 3471 632 3555; x_wconf 89' lang='lat' dir='ltr'>possimus,</span> <span class='ocrx_word' id='word_1_248' title='bbox 662 3471 728 3535; x_wconf 90' lang='lat' dir='ltr'>iam</span> <span class='ocrx_word' id='word_1_249' title='bbox 751 3471 871 3536; x_wconf 86' lang='lat' dir='ltr'>iactum</span> <span class='ocrx_word' id='word_1_250' title='bbox 894 3489 976 3555; x_wconf 90' lang='lat' dir='ltr'>esse,</span> <span class='ocrx_word' id='word_1_251' title='bbox 1003 3470 1094 3536; x_wconf 91' lang='lat' dir='ltr'>aliud</span> <span class='ocrx_word' id='word_1_252' title='bbox 1116 3469 1282 3553; x_wconf 89' lang='lat' dir='ltr'>quoddam</span> <span class='ocrx_word' id='word_1_253' title='bbox 1304 3477 1479 3553; x_wconf 84' lang='lat' dir='ltr'>praeterea</span> 
     </span>
     <span class='ocr_line' id='line_1_32' title="bbox 307 3571 1575 3680; baseline -0.002 -42"><span class='ocrx_word' id='word_1_254' title='bbox 307 3575 371 3639; x_wconf 87' lang='lat' dir='ltr'>iaci</span> <span class='ocrx_word' id='word_1_255' title='bbox 393 3592 490 3658; x_wconf 90' lang='lat' dir='ltr'>posse</span> <span class='ocrx_word' id='word_1_256' title='bbox 512 3571 649 3638; x_wconf 84' lang='lat' dir='ltr'>confido.</span> <span class='ocrx_word' id='word_1_257' title='bbox 1574 3625 1575 3680; x_wconf 27' lang='grc' dir='ltr'>ἢ</span> 
     </span>
     <span class='ocr_line' id='line_1_33' title="bbox 394 3671 1575 3757; baseline 0.001 -17"><span class='ocrx_word' id='word_1_258' title='bbox 394 3672 461 3740; x_wconf 86' lang='lat' dir='ltr'>Sed</span> <span class='ocrx_word' id='word_1_259' title='bbox 475 3675 664 3757; x_wconf 88' lang='lat' dir='ltr'>priusquam</span> <span class='ocrx_word' id='word_1_260' title='bbox 679 3673 723 3740; x_wconf 92' lang='lat' dir='ltr'>ad</span> <span class='ocrx_word' id='word_1_261' title='bbox 738 3671 1073 3752; x_wconf 78' lang='lat' dir='ltr'>baecoonsideranda</span> <span class='ocrx_word' id='word_1_262' title='bbox 1087 3673 1328 3757; x_wconf 86' lang='lat' dir='ltr'>adgrediamur,</span> <span class='ocrx_word' id='word_1_263' title='bbox 1351 3675 1476 3756; x_wconf 83' lang='lat' dir='ltr'>paucis,</span> <span class='ocrx_word' id='word_1_264' title='bbox 1574 3681 1575 3684; x_wconf 76' lang='grc'>’</span> 
     </span>
    </p>
   </div>
   <div class='ocr_carea' id='block_1_5' title="bbox 244 3773 1575 4165">
    <p class='ocr_par' dir='ltr' id='par_1_6' title="bbox 244 3773 1575 4165">
     <span class='ocr_line' id='line_1_34' title="bbox 244 3773 1575 3870; baseline -0.002 -29"><span class='ocrx_word' id='word_1_265' title='bbox 244 3807 252 3827; x_wconf 82' lang='lat'>=</span> <span class='ocrx_word' id='word_1_266' title='bbox 309 3794 393 3860; x_wconf 89' lang='lat' dir='ltr'>quae</span> <span class='ocrx_word' id='word_1_267' title='bbox 416 3773 524 3842; x_wconf 88' lang='lat' dir='ltr'>adbuc</span> <span class='ocrx_word' id='word_1_268' title='bbox 546 3774 794 3860; x_wconf 85' lang='lat' dir='ltr'>disputavimus,</span> <span class='ocrx_word' id='word_1_269' title='bbox 818 3775 989 3858; x_wconf 87' lang='lat' dir='ltr'>complecti</span> <span class='ocrx_word' id='word_1_270' title='bbox 1011 3775 1118 3841; x_wconf 88' lang='lat' dir='ltr'>liccat.</span> <span class='ocrx_word' id='word_1_271' title='bbox 1156 3775 1374 3840; x_wconf 91' lang='lat' dir='ltr'>Probatum</span> <span class='ocrx_word' id='word_1_272' title='bbox 1397 3776 1476 3858; x_wconf 90' lang='lat' dir='ltr'>igi·</span> <span class='ocrx_word' id='word_1_273' title='bbox 1574 3829 1575 3870; x_wconf 67' lang='lat'>,</span> 
     </span>
     <span class='ocr_line' id='line_1_35' title="bbox 306 3871 1575 3962; baseline -0.003 -18"><span class='ocrx_word' id='word_1_274' title='bbox 306 3884 368 3944; x_wconf 91' lang='lat' dir='ltr'>tur</span> <span class='ocrx_word' id='word_1_275' title='bbox 402 3896 492 3944; x_wconf 90' lang='lat' dir='ltr'>esse</span> <span class='ocrx_word' id='word_1_276' title='bbox 526 3896 674 3944; x_wconf 90' lang='lat' dir='ltr'>censeo</span> <span class='ocrx_word' id='word_1_277' title='bbox 707 3877 807 3944; x_wconf 86' lang='lat' dir='ltr'>libri</span> <span class='ocrx_word' id='word_1_278' title='bbox 835 3877 872 3944; x_wconf 89' lang='lat' dir='ltr'>V.</span> <span class='ocrx_word' id='word_1_279' title='bbox 906 3875 1029 3942; x_wconf 84' lang='lat' dir='ltr'>finem</span> <span class='ocrx_word' id='word_1_280' title='bbox 1064 3877 1190 3962; x_wconf 91' lang='lat' dir='ltr'>(capp.</span> <span class='ocrx_word' id='word_1_281' title='bbox 1221 3879 1376 3953; x_wconf 77' lang='lat'>59-77)</span> <span class='ocrx_word' id='word_1_282' title='bbox 1408 3885 1478 3942; x_wconf 89' lang='lat' dir='ltr'>ant</span> <span class='ocrx_word' id='word_1_283' title='bbox 1574 3871 1575 3874; x_wconf 69' lang='grc'>’</span> 
     </span>
     <span class='ocr_line' id='line_1_36' title="bbox 307 3979 1575 4072; baseline -0.001 -27"><span class='ocrx_word' id='word_1_284' title='bbox 307 3985 436 4046; x_wconf 89' lang='lat' dir='ltr'>totum</span> <span class='ocrx_word' id='word_1_285' title='bbox 461 3985 529 4044; x_wconf 90' lang='lat' dir='ltr'>ant</span> <span class='ocrx_word' id='word_1_286' title='bbox 557 3979 678 4062; x_wconf 89' lang='lat' dir='ltr'>longe</span> <span class='ocrx_word' id='word_1_287' title='bbox 706 3981 918 4046; x_wconf 87' lang='lat' dir='ltr'>maximam</span> <span class='ocrx_word' id='word_1_288' title='bbox 946 3985 1125 4062; x_wconf 84' lang='lat' dir='ltr'>partem</span> <span class='ocrx_word' id='word_1_289' title='bbox 1147 3979 1394 4062; x_wconf 85' lang='lat' dir='ltr'>Dionysium</span> <span class='ocrx_word' id='word_1_290' title='bbox 1423 3997 1476 4045; x_wconf 85' lang='lat' dir='ltr'>ex</span> <span class='ocrx_word' id='word_1_291' title='bbox 1574 4001 1575 4072; x_wconf 68' lang='lat'><em>}</em></span> 
     </span>
     <span class='ocr_line' id='line_1_37' title="bbox 306 4079 1476 4165; baseline 0 -19"><span class='ocrx_word' id='word_1_292' title='bbox 306 4080 463 4148; x_wconf 88' lang='lat' dir='ltr'>Licinii</span> <span class='ocrx_word' id='word_1_293' title='bbox 489 4081 710 4148; x_wconf 89' lang='lat' dir='ltr'>annalibus</span> <span class='ocrx_word' id='word_1_294' title='bbox 733 4079 961 4165; x_wconf 87' lang='lat' dir='ltr'>recepisse,</span> <span class='ocrx_word' id='word_1_295' title='bbox 991 4098 1230 4164; x_wconf 86' lang='lat' dir='ltr'>quamquam</span> <span class='ocrx_word' id='word_1_296' title='bbox 1252 4100 1331 4147; x_wconf 92' lang='lat' dir='ltr'>non</span> <span class='ocrx_word' id='word_1_297' title='bbox 1353 4082 1476 4165; x_wconf 91' lang='lat' dir='ltr'>plane</span> 
     </span>
    </p>
   </div>
   <div class='ocr_carea' id='block_1_6' title="bbox 0 0 1604 4974">
    <p class='ocr_par' dir='ltr' id='par_1_7' title="bbox 0 0 1604 4974">
     <span class='ocr_line' id='line_1_38' title="bbox 0 0 1604 4974; baseline 0 0"><span class='ocrx_word' id='word_1_298' title='bbox 0 0 1604 4974; x_wconf 95' lang='lat' dir='ltr'> </span> 
     </span>
    </p>
   </div>
  </div>
 </body>
</html>
