3318 4970
314 372 354 430 32
730 376 870 442 Augustus
887 373 1040 430 Junemann

310 567 421 615 omnes
437 547 485 614 illi
502 546 656 628 veterani,
681 547 736 629 qui
758 547 873 612 vicena
888 553 944 613 aut
958 549 1052 631 plura
1066 548 1231 632 stipendia
1245 549 1465 634 meruerant¹),

310 651 417 718 statim
446 649 537 715 missi
564 654 648 730 sunt,
678 649 775 714 etiam
799 648 823 713 l.
847 648 1022 716 Adiutricis
1051 657 1234 735 veteranos,
1265 653 1320 737 qui
1349 653 1466 719 vicena

310 758 365 818 aut
379 753 473 836 plura
490 748 653 834 stipendia
668 750 793 816 emeriti
806 757 906 834 erant,
923 749 1092 819 honestam
1104 754 1290 821 missionem
1300 755 1466 839 accepisse

311 855 456 922 arbitror.
481 888 521 899 —
545 851 668 919 Eodem
697 858 843 937 tempore
867 854 889 917 ii
913 873 1051 939 quoque,
1081 856 1137 939 qui
1166 857 1408 940 peregrinorum
1433 858 1465 923 in

310 957 438 1043 logione
461 955 688 1037 retinebantur,
711 955 878 1020 civitatem
900 957 1008 1022 nancti
1031 959 1142 1034 suntl)

396 1057 461 1124 Sed
497 1062 619 1122 tantum
654 1056 750 1139 afuit,
790 1063 825 1122 ut
861 1059 948 1141 legio
981 1059 1078 1125 tantis
1110 1060 1290 1143 privilegiis
1322 1063 1466 1145 acceptis

310 1160 497 1244 imperatori
520 1159 672 1231 obstricta
693 1166 949 1226 remuneraretur
971 1159 1129 1228 beneficia
1151 1161 1275 1244 officiis,
1298 1170 1333 1229 ut
1355 1170 1467 1231 contra

309 1263 417 1329 animo
439 1262 481 1328 ab
504 1260 610 1326 Galba
639 1261 845 1327 aversissimo
875 1281 946 1328 esse
974 1271 1124 1347 pergeret
1146 1265 1235 1342 (Tac.
1258 1265 1331 1332 hist.
1355 1266 1371 1331 I
1394 1265 1466 1350 31);

310 1364 344 1430 id
368 1364 454 1448 quod
476 1365 574 1448 paulo
596 1369 679 1446 post,
703 1363 794 1430 initio
818 1364 1015 1447 insequentis
1037 1367 1113 1432 anni
1129 1367 1205 1442 (69.)
1228 1385 1269 1432 en
1292 1387 1330 1434 eo
1354 1369 1465 1454 eluxit,

310 1467 405 1550 quod,
429 1486 501 1532 cum
525 1464 652 1532 Othone
673 1485 725 1532 res
748 1485 849 1534 novas
872 1467 1016 1549 agitante
1038 1467 1162 1534 Galbae
1185 1470 1355 1552 imperium
1377 1471 1465 1536 labe·

307 1567 376 1634 fieri
401 1569 566 1651 inciperet,
590 1569 676 1650 legio
699 1566 804 1633 Galba
826 1567 954 1634 deserto
975 1568 1018 1635 ad
1042 1568 1178 1637 Othonis
1199 1578 1308 1654 partes
1331 1573 1466 1638 transire

309 1676 457 1738 cunctata
478 1689 542 1735 non
566 1675 614 1736 est
635 1669 724 1746 (Tac.
741 1667 923 1748 hist-144).
969 1671 1096 1739 Deinde
1118 1673 1215 1756 legio,
1239 1675 1359 1758 quippe
1383 1694 1466 1757 quae

308 1793 426 1856 magna
454 1771 520 1838 fide
548 1791 588 1837 ao
616 1770 721 1838 studio
745 1769 864 1838 Othoni
895 1773 1006 1839 dedita
1027 1781 1122 1858 esset,
1145 1781 1255 1841 contra
1278 1777 1389 1860 copias
1413 1777 1464 1842 Vi·

309 1875 391 1941 tellii
419 1871 566 1958 profecta
595 1879 733 1940 estune
763 1894 835 1940 cum
864 1875 1006 1959 quinque
1035 1875 1220 1943 cohortibus
1242 1879 1412 1959 praetoriis
1435 1885 1467 1944 et

309 1976 434 2044 duobus
458 1976 587 2042 milibus
602 1975 816 2059 gladiatorum
832 1977 921 2053 (Tac.
938 1977 1011 2045 hist.
1026 1979 1059 2044 Il
1076 1979 1127 2056 11)
1151 1978 1233 2046 duce
1248 1980 1353 2046 Annio
1370 1981 1465 2047 Gallo

308 2081 496 2162 praemissa,
526 2084 561 2144 ut
583 2076 666 2144 Padi
693 2079 787 2162 ripas.
804 2087 998 2163 occuparent
1026 2099 1131 2164 neque
1155 2081 1277 2148 Vitellii
1305 2084 1465 2150 exercitus

309 2181 437 2265 longius
471 2179 624 2265 progredi
657 2181 806 2265 sinerent,
841 2183 895 2265 qui
929 2182 1065 2250 ducibus
1095 2183 1235 2250 Caecina
1268 2191 1300 2250 et
1328 2185 1466 2252 Valente

309 2282 438 2351 diverso
462 2283 597 2349 transitu
618 2283 719 2366 Alpes
743 2284 890 2350 celeriter
912 2287 1102 2368 transgressi
1132 2287 1196 2352 iam
1220 2287 1253 2351 in
1275 2285 1383 2353 Gallia
1406 2289 1465 2355 cis·

309 2385 420 2469 alpina
443 2391 543 2452 erant.

394 2487 465 2567 Quo
488 2489 607 2554 factum
630 2495 687 2569 est,
712 2495 746 2552 ut
768 2488 854 2570 legio
877 2487 983 2553 statim
1008 2490 1119 2571 primis
1143 2491 1311 2557 interesset
1332 2492 1465 2576 proeliis

310 2611 381 2658 cum
405 2591 553 2658 hostibus
576 2591 763 2656 commissis.
795 2589 878 2656 Nam
894 2590 1018 2657 Annius
1034 2591 1158 2675 Gallus,
1180 2611 1252 2658 oum
1266 2593 1465 2662 Placentiam
1526 2616 1529 2620 ·

310 2692 494 2759 aGaecina
524 2693 704 2776 oppugnari
732 2693 955 2776 comperisset,
986 2691 1110 2759 diffisus
1137 2695 1300 2776 paucitate
1329 2697 1466 2762 militum

308 2794 603 2884 praesidiariorum,
626 2813 668 2860 ne
690 2795 887 2861 incursiones
904 2800 936 2860 et
951 2796 1088 2879 impetus
1105 2798 1265 2864 exercitus
1281 2796 1465 2866 Germanioi

309 2916 423 2982 parum
447 2897 630 2978 tolerarent,
653 2897 770 2979 raptim
793 2897 955 2990 legionem
978 2897 1003 2962 Ι.
1019 2897 1218 2964 Adiutricem
1240 2901 1385 2968 subsidio
1408 2902 1465 2968 ad·

310 2998 412 3065 duxit.
459 2996 522 3076 Qui
544 2998 600 3063 ubi
622 2999 760 3081 primum
791 2999 899 3065 hostes
923 2998 1113 3066 Cremonam
1143 3021 1254 3069 versus
1277 3002 1465 3072 discessisse

308 3099 512 3182 audiverunt,
543 3101 665 3166 Annius
688 3099 801 3166 Gallus
831 3101 993 3183 legionem
1022 3101 1199 3185 cupiditate
1228 3104 1393 3188 pugnandi
1416 3126 1464 3172 ar·

309 3202 438 3269 dentem
462 3203 519 3267 vix
545 3220 692 3268 coercere
714 3208 842 3285 poterat
857 3203 946 3280 (Tac.
963 3201 1036 3270 hist.
1052 3202 1084 3269 Il
1100 3206 1163 3282 23).
1202 3205 1348 3289 Denique
1364 3227 1465 3292 prope

309 3305 351 3371 ab
380 3305 459 3371 urbe
483 3303 674 3378 cremonae
708 3324 820 3371 manus
852 3324 925 3370 oum
954 3303 1100 3372 hostibus
1130 3308 1264 3374 contulit
1290 3328 1330 3375 ac
1360 3311 1465 3393 primo

308 3407 492 3490 periclitata
515 3407 660 3490 superior
683 3425 724 3473 ex
746 3407 870 3490 proelio
893 3406 1049 3475 discessit.
1089 3408 1156 3476 Sed
1178 3429 1250 3476 cum
1272 3412 1370 3494 paulo
1393 3419 1466 3496 post

308 3507 397 3593 apud
425 3507 617 3575 Bedriacum
651 3510 748 3575 armis
781 3509 1008 3594 decertaretur,
1043 3512 1166 3577 variam
1194 3511 1271 3579 belli
1305 3514 1465 3580 fortunam

397 3764 420 3826 1)
437 3758 595 3830 Legionarii
612 3758 682 3814 enim
700 3759 801 3816 vicenis
821 3760 962 3830 stipendiis
983 3759 1072 3816 functi
1090 3761 1304 3833 dimittebantur,
1322 3766 1466 3832 classiarii,

309 3860 346 3900 ex
364 3844 462 3914 quibus
483 3843 601 3912 legiones
619 3843 641 3899 I.
661 3846 688 3898 et
704 3844 739 3900 Il.
753 3843 909 3902 Adiutrioes
928 3846 1099 3915 conscriptae
1116 3852 1202 3920 erant,
1220 3849 1315 3906 vicena
1333 3865 1399 3906 sena
1417 3850 1466 3906 sti·

308 3929 408 3999 pendia
426 3929 627 3999 persolvebant.

395 4019 421 4082 2)
438 4015 499 4070 uide
518 4029 602 4083 supra
619 4031 645 4084 p.
666 4017 690 4069 6.

397 4104 422 4167 3)
440 4099 532 4156 Locus
551 4099 694 4155 Castorum
712 4105 837 4168 vocatur,
856 4099 891 4155 cf.
911 4099 976 4158 Tac.
995 4101 1059 4155 hist.
1073 4100 1100 4154 Il
1113 4105 1154 4156 tt.
