3282 4968
455 386 498 442 De
515 387 619 456 legione
636 387 820 444 Romanorum
837 387 859 442 1.
876 385 1028 442 Adiutrice.
1278 387 1319 446 85

162 560 261 624 λαντι
290 563 509 646 ἀνθρώπους.
555 559 679 640 Quibus
708 580 750 626 ex
778 559 889 627 verbis
920 579 960 626 ea
981 559 1185 643 potissimum
1207 579 1322 643 urgeo:

164 662 202 741 ἐξ
225 665 363 749 ἁπάσης
379 662 529 729 ἐλαύνων
544 674 604 751 τῆς
624 667 747 749 χώρας.
783 660 890 726 Etiam
906 659 1107 744 Capitolinus
1123 681 1153 726 v.
1171 661 1325 728 Antonini

162 765 215 828 Pii
244 785 271 830 e.
296 767 324 829 5.
354 765 498 832 brevitor
530 766 565 830 id
593 766 715 831 bellum
749 762 800 830 his
833 762 942 829 verbis
977 768 1219 829 commemorat:
1249 757 1325 830 ‘Per

162 867 289 949 legatos
318 886 392 934 snos
422 867 562 950 plurima
595 867 684 934 bella
712 866 887 951 gessit...
917 869 949 929 et
977 864 1106 931 Mauros
1139 863 1181 930 ad
1209 885 1325 948 paoem

161 967 389 1052 postulandam
404 964 530 1052 coegit.²
540 971 560 1045 ¹)
598 967 664 1034 Sub
681 968 740 1034 Pio
756 967 853 1050 igitur
869 966 1062 1049 gravissima
1076 967 1203 1049 proelia
1215 973 1326 1033 eontra

161 1069 291 1136 Mauros
313 1070 484 1137 commissa
506 1075 588 1154 sunt,
612 1071 668 1154 qui
690 1077 837 1152 lumper
859 1073 959 1134 totam
974 1067 1117 1134 Africam
1138 1067 1231 1134 effusi
1251 1089 1324 1151 pro

162 1168 320 1238 unciales
348 1173 394 1238 ita
415 1172 589 1238 vexavisse
611 1170 772 1252 videntur,
803 1176 837 1236 ut
864 1169 907 1236 ad
930 1188 986 1236 eos
1008 1168 1190 1237 fundendos
1211 1171 1324 1253 fugan-

163 1272 287 1356 dosque
303 1275 428 1358 copiae,
450 1293 534 1357 quae
549 1280 679 1358 praesto
695 1279 796 1355 erant,
818 1293 881 1339 non
900 1271 1091 1354 sufficerent,
1115 1271 1173 1338 sed
1188 1273 1325 1340 aliarum

162 1376 400 1460 provinoIarnm
421 1375 625 1443 firmIssimao
648 1394 795 1459 quaeque
829 1375 974 1457 legiones
1002 1374 1126 1440 auxilia
1153 1374 1325 1439 mitterent.

164 1477 321 1544 Numidia
361 1484 468 1544 autem
502 1479 568 1545 illis
602 1479 682 1562 ipsis
716 1477 913 1561 temporibus
945 1476 1165 1542 Mauretaniae
1198 1475 1325 1541 vloinae

164 1580 290 1647 auxilio
312 1581 424 1646 venire
452 1600 516 1646 non
545 1581 658 1664 potuit,
688 1600 760 1646 oum
789 1581 821 1644 in
852 1581 924 1663 ipsa
953 1577 1122 1662 provincia
1150 1575 1325 1643 seditiones

165 1681 337 1748 videantur
358 1688 465 1749 motae
487 1702 575 1766 esse;
599 1681 633 1748 id
657 1681 744 1765 quod
767 1681 947 1765 explicatur
962 1699 1005 1746 ex
1020 1679 1112 1745 titulo
1127 1678 1214 1744 VIII.
1230 1679 1325 1760 2728,

164 1784 221 1849 ubi
244 1785 378 1850 librator
400 1804 421 1850 a
442 1790 649 1869 procuratore
672 1785 860 1869 provinciae
889 1782 932 1848 ad
963 1780 1192 1848 exstruendum
1219 1799 1326 1863 aquae

165 1886 297 1952 duotnm
319 1885 509 1952 Saldensem
530 1887 649 1970 petitus
673 1893 705 1952 et
720 1887 846 1967 missus,
870 1890 990 1969 quanta
1004 1883 1149 1967 pericula
1163 1882 1196 1947 in
1210 1882 1325 1948 itinere

165 1988 310 2073 subierit,
345 1989 489 2071 queritur
520 1987 572 2055 his
605 1989 730 2055 verbis:
759 1982 936 2073 ‘profectus
969 2006 1040 2053 sum
1074 1991 1106 2050 et
1137 1985 1221 2050 luter
1254 1984 1325 2050 vias

164 2091 320 2157 lattrones
342 2110 412 2157 snm
435 2110 559 2175 passus,
582 2089 686 2156 nudus
709 2091 837 2156 saucius
860 2089 950 2156 evasi
973 2108 1045 2154 cum
1067 2077 1197 2163 meis’b

252 2191 343 2270 Quae
367 2213 439 2259 oum
462 2195 507 2258 ita
530 2195 602 2276 sint,
626 2193 669 2259 ad
691 2193 726 2258 id
746 2193 865 2259 bellum
882 2193 1065 2257 Maurorum
1081 2187 1326 2270 condolendum,

166 2294 253 2379 quod
281 2313 339 2378 per
367 2296 497 2362 saecula
525 2296 741 2362 Romanorum
771 2297 881 2379 copias
909 2293 1051 2359 vexabat
1083 2291 1325 2376 premebatque,

165 2399 307 2464 minores
330 2399 383 2464 vel
412 2399 551 2463 maiores
579 2403 687 2481 partes
710 2417 819 2463 earum
840 2393 1223 2480 potissimumlegionnm
1246 2392 1324 2458 Ger·

166 2501 365 2566 manicarum
388 2506 420 2565 et
449 2500 662 2584 Illyricorum,
692 2520 826 2582 quarum
849 2499 959 2564 titulos
988 2498 1021 2561 in
1050 2495 1251 2560 Mauretania
1279 2494 1326 2558 in·

165 2603 323 2684 remmus,
352 2603 475 2668 accitae
498 2609 579 2668 sunt.
623 2602 730 2684 Atque
753 2601 788 2666 id
811 2599 898 2684 quod
926 2618 985 2682 per
1007 2616 1042 2664 se
1065 2616 1190 2662 summa
1211 2596 1326 2679 proba·

166 2705 294 2770 bilitate
317 2703 559 2770 commendatur
580 2703 736 2787 legiones,
760 2723 840 2787 quas
863 2700 1061 2782 enumeravi,
1085 2696 1326 2782 expeditionem

166 2809 200 2872 ln
222 2805 352 2872 Mauros
375 2806 561 2872 coniunctas
584 2806 764 2892 suscepisse
787 2805 846 2870 Pro
863 2799 1056 2888 imperante,
1087 2801 1184 2866 etiam
1213 2799 1327 2866 confir-

166 2915 273 2974 matur
295 2907 548 2974 deliberantibus
570 2908 663 2974 nobis
686 2928 725 2974 oo
748 2914 892 2990 tempore
914 2904 958 2971 ad
979 2904 1165 2970 Danuvium
1188 2907 1220 2968 et
1242 2901 1326 2968 Rhe-

166 3031 245 3076 num
268 3009 376 3076 hostes
398 3011 503 3075 minus
532 3007 745 3095 lacessivisse,
776 3031 848 3076 cum
876 3015 907 3075 et
935 3009 970 3073 in
991 3006 1071 3072 Asia
1100 3011 1132 3070 et
1160 3007 1194 3070 in
1216 3002 1328 3070 dirtoa

168 3113 346 3180 seditiones
374 3114 617 3188 moverentur.³)
663 3110 865 3196 Quamquam
893 3129 1021 3191 annum,
1052 3127 1115 3190 quo
1143 3104 1179 3170 id
1206 3107 1326 3172 factum

256 3302 281 3364 1)
307 3294 435 3359 schillem
454 3286 544 3348 ‘Rom
563 3292 759 3363 Kelsergesclr?
778 3296 800 3350 Ι.
823 3313 850 3365 p.
870 3297 928 3348 631.
952 3292 1014 3346 adn.
1033 3297 1058 3346 6.
1081 3290 1135 3344 iam
1157 3288 1327 3342 adumbrant

167 3383 309 3437 Antonino
327 3379 376 3434 Plo
398 3379 548 3448 Imperante
571 3379 755 3446 expedItiones
777 3382 805 3435 in
823 3380 935 3434 Mauros
953 3376 1041 3431 lactas
1067 3381 1096 3428 et
1119 3373 1221 3428 dlutius
1245 3375 1327 3442 atque

169 3467 281 3536 saepius
300 3481 361 3520 cum
378 3466 452 3531 vagis
469 3464 522 3518 illis
541 3463 666 3532 gentibus
684 3471 833 3532 pugnatum
851 3479 919 3519 esse.
946 3461 979 3516 Id
991 3460 1072 3514 etiam
1083 3457 1206 3512 indicant
1217 3459 1327 3526 nummi,

168 3552 215 3621 qni
242 3550 294 3605 sub
319 3549 366 3603 Pio
395 3549 565 3604 cudebantur
591 3549 636 3614 (cl.
660 3548 765 3615 Oohen,
788 3544 944 3605 ‘Monnaies
971 3537 1075 3614 imper)
1102 3543 1139 3598 Il.
1166 3559 1195 3612 p.
1214 3547 1326 3611 3231324

167 3653 197 3691 n.
216 3638 372 3701 nor-sos).

256 3723 282 3786 2)
295 3723 390 3788 Aquae
403 3717 501 3773 ductus
513 3723 605 3772 numm
615 3717 752 3772 Saldensis
763 3715 882 3770 fortasse
889 3713 984 3768 iisdem
992 3713 1051 3768 lere
1059 3713 1139 3768 anule
1149 3715 1327 3780 (tlt-152.)

168 3805 317 3860 Inchoatus
330 3809 358 3858 et
369 3803 510 3858 dedicatus
523 3807 575 3870 est,
594 3803 692 3872 quibus
703 3801 804 3856 bellum
818 3802 913 3854 contra
921 3799 1033 3853 Mauros
1045 3797 1160 3852 rebelles
1171 3799 1325 3865 gerebatur.

169 3921 205 3930 -
228 3889 328 3944 Paucis
350 3889 404 3942 iam
430 3889 507 3943 annis
533 3891 598 3942 ants
620 3892 700 3952 (145.)
726 3886 858 3952 legionem
879 3884 930 3939 111.
954 3887 1106 3952 Angustam
1131 3881 1161 3936 iu
1186 3883 1327 3952 provincia

169 3974 306 4030 firmanda
324 3973 426 4029 adiurit
442 3973 579 4028 vexillatio
597 3970 710 4040 legionis
728 3970 775 4026 VI.
794 3970 921 4034 ferratae,
939 3984 1008 4038 quae
1025 3968 1095 4022 viam
1109 3966 1260 4022 Romanam
1277 3981 1326 4037 per

169 4060 319 4116 Aurasium
337 4061 456 4114 montem
473 4057 576 4121 stravit,
595 4057 631 4114 of.
642 4056 717 4112 VIII.
739 4059 828 4110 teneo.
855 4054 924 4110 Vide
941 4054 1023 4108 etiam
1039 4053 1115 4108 VIII.
1135 4056 1211 4108 2490.

257 4147 284 4212 3)
302 4143 337 4198 cf.
351 4143 464 4212 capitol.
477 4159 502 4197 v.
516 4145 615 4197 Anton.
629 4141 673 4196 Pii
690 4158 714 4196 o.
729 4146 753 4194 5.
