3170 4984
159 377 237 446 Quae
253 377 325 434 ratio
343 377 494 433 intercedat
511 378 583 433 inter
596 377 745 435 Vitruvium
764 381 792 433 et
803 378 973 436 Athenaeum
992 380 1186 437 mechanicum.
1221 379 1284 440 281

121 571 205 616 sam.
234 549 348 632 Itaque
370 551 398 617 si
414 548 583 618 Athenaeo
600 552 764 619 Vitruvius
787 572 863 620 usus
887 559 972 620 esset
994 560 1135 640 auctore,
1158 555 1287 622 conclu·

121 651 268 718 dendum
291 659 377 720 esset
400 652 500 736 hunc,
531 654 648 737 quibus
670 654 728 720 illo
751 661 801 722 est
823 655 962 736 uberior,
986 674 1026 722 ea
1048 655 1090 723 de
1113 677 1171 724 suo
1194 656 1287 722 addi-

120 753 229 837 disse;
246 755 334 837 quod
349 755 390 821 de
406 755 600 838 quibusdam
616 756 747 840 quidem
763 757 859 842 plane
875 756 1050 824 absurdum
1066 765 1116 826 est
1131 760 1286 843 cogitare.

120 853 250 934 Quibus
278 863 388 923 autem
411 855 598 924 Athenaeus
627 859 754 943 plenior
776 863 826 924 est
848 859 1012 942 Vitruvio,
1044 879 1084 925 ea
1105 880 1164 944 per
1186 881 1220 928 se
1243 859 1287 927 ad

120 975 327 1024 communem
342 959 465 1026 fontem
486 959 689 1044 probandum
712 959 794 1026 nihil
809 960 930 1043 iuvant,
955 962 1106 1044 quoniam
1119 963 1286 1030 Vitruvius

119 1078 163 1124 ea
187 1060 334 1126 omittere
356 1061 478 1145 potuit,
506 1062 634 1128 etiamsi
657 1082 699 1128 ex
721 1061 891 1129 Athenaeo
916 1061 1086 1130 hausisset.
1133 1063 1287 1131 Similiter

119 1159 333 1228 iudicandum
363 1168 413 1228 est
435 1162 476 1228 de
500 1163 546 1229 eis
570 1165 665 1248 locis,
690 1165 745 1230 ubi
768 1163 992 1232 vehementius
1016 1165 1099 1231 alter
1119 1167 1160 1232 ab
1183 1168 1285 1233 altero

119 1262 303 1347 discrepat:
327 1285 402 1330 nam
421 1284 486 1348 quo
502 1265 572 1332 iure
595 1264 716 1332 dixerit
738 1267 900 1350 quispiam
923 1267 1061 1332 alterum
1081 1287 1104 1332 a
1124 1269 1286 1334 communi

117 1365 210 1430 fonte
241 1367 430 1448 recessisse,
461 1367 575 1434 eodem
605 1366 714 1434 dicere
744 1369 821 1436 lieet
843 1369 1025 1434 Vitruvium
1048 1370 1222 1436 recessisse
1244 1371 1285 1436 ab

53 1535 59 1548 .
119 1465 302 1533 Athenaeo.
347 1469 498 1534 Attamen
521 1471 549 1535 si
572 1470 646 1535 aliis
670 1471 776 1537 causis
800 1471 878 1537 satis
901 1471 1063 1536 constabit
1084 1489 1286 1537 communem

118 1567 292 1635 Athenaeo
320 1576 353 1636 et
374 1570 523 1637 Vitruvio
544 1570 726 1638 adhibitum
750 1591 821 1638 esse
844 1569 983 1654 iontem,
1008 1591 1127 1656 operae
1150 1573 1287 1640 fortasse

117 1671 262 1752 pretinm
289 1671 365 1754 erit,
395 1678 550 1755 quantum
572 1671 642 1738 deri
664 1675 797 1757 poterit,
828 1693 1029 1741 communem
1053 1675 1144 1740 illum
1164 1675 1286 1740 fontem

118 1773 302 1839 restituere.
348 1772 443 1852 Quod
465 1781 500 1840 ut
526 1773 583 1840 fiat
605 1795 686 1860 opus
711 1775 772 1840 erit
794 1776 893 1842 etiam
916 1777 950 1840 in
973 1795 1022 1860 ea,
1046 1775 1163 1859 quibus
1185 1775 1286 1842 Athe-

117 1893 222 1941 naeus
245 1876 396 1958 copiosor
418 1881 467 1942 est
482 1895 580 1958 quam
594 1875 769 1959 Vitruvius,
787 1883 820 1943 et
835 1877 868 1942 in
885 1885 1008 1944 ceteras
1031 1877 1196 1944 amborum
1221 1877 1285 1944 dis·

119 1977 306 2060 crepantias
329 1978 501 2061 inquirere.

206 2077 276 2144 Sed
292 2079 460 2164 primum
484 2079 615 2163 quidem
637 2078 783 2163 afferam,
807 2098 908 2165 quae,
932 2101 1005 2148 oum
1031 2080 1138 2165 apud
1160 2080 1286 2147 Athe·

117 2200 264 2248 haeum
294 2180 594 2264 desiderentur,
625 2181 841 2249 Vitruvius
874 2183 1047 2265 praebet
1074 2201 1180 2266 neque
1210 2203 1282 2250 meo

118 2281 255 2365 quidem
278 2282 399 2350 iudicio
421 2281 589 2350 addidisse
611 2289 719 2366 potest
741 2280 784 2347 do
806 2301 880 2348 suo:

182 2417 266 2484 Vitr.
1120 2417 1238 2486 Athen.

160 2539 193 2602 p.
220 2521 294 2603 275,
311 2523 331 2582 4
353 2520 556 2603 longitudine
565 2519 788 2603 cubitorumL‚
797 2517 968 2586 altitudine
977 2519 1076 2586 cubiti
1158 2541 1190 2604 p.
1210 2524 1281 2602 14,6

311 2625 330 2686 6
353 2620 470 2688 dextra
491 2642 531 2689 ac
553 2623 684 2690 sinistra
1262 2626 1280 2688 8

291 2725 329 2787 21
355 2743 373 2789 0
394 2744 459 2807 qua
482 2725 580 2790 etiam
602 2743 753 2792 accessus
769 2721 812 2788 ad
828 2743 953 2790 murum
968 2729 1076 2807 potest
1195 2727 1245 2805 16,
1263 2728 1281 2790 3

414 2825 527 2892 haberi
539 2831 561 2904 ¹)

193 2928 326 3010 27013
350 2935 479 3012 praeter
501 2927 649 2995 cardines
1195 2932 1245 3011 17,
1262 2933 1280 2993 7

292 3033 332 3093 14
354 3029 568 3097 crassitudine
576 3050 705 3114 quoquo
713 3047 825 3096 versus
837 3028 1073 3112 palmipedales
1163 3035 1213 3115 17,
1229 3031 1280 3110 sle

293 3133 330 3196 18
355 3131 549 3215 quadratum
584 3151 648 3216 quo
678 3132 814 3215 caprioli
842 3131 1076 3212 coniungantur
1243 3136 1280 3196 12

217 3235 291 3318 277,
308 3237 327 3299 6
351 3241 384 3300 et
399 3253 538 3318 superne
550 3235 753 3318 subgrundas
763 3231 961 3316 proclinatas
972 3251 1072 3314 supra
1112 3233 1160 3316 18,
1174 3236 1223 3298 11.
1241 3238 1279 3298 12

287 3337 327 3399 26
351 3337 470 3419 triplici
494 3337 629 3403 materia
1098 3336 1150 3416 21,
1163 3335 1247 3418 8122,
1264 3341 1277 3398 1

195 3440 269 3521 278,
286 3440 326 3502 23
350 3436 449 3516 huot)
1171 3438 1222 3520 23,
1242 3441 1280 3500 16

209 3643 233 3705 l)
251 3637 330 3706 Quod
354 3637 464 3693 adrem
482 3637 580 3692 attinet
597 3637 632 3692 ci.
646 3637 745 3692 Athen.
764 3629 970 3704 p.18,13‘xul
988 3625 1154 3706 dosis-edes
1165 3677 1240 3692 .....
1251 3635 1280 3692 ol

122 3714 178 3796 γὰρ
196 3725 372 3797 στρατιῶται
389 3721 580 3797 ἐμβαίνοντες
598 3721 639 3788 εἰς
657 3715 747 3792 αὐτὴν
765 3712 946 3793 προσάγουσι
965 3715 1041 3791 πρὸς
1058 3713 1093 3775 τὸ
1112 3713 1224 3792 τεῖχος).

209 3813 236 3875 2)
253 3808 314 3864 Nisi
325 3809 399 3864 lorte
411 3808 486 3878 apud
496 3808 671 3863 Athenaeum
682 3807 763 3861 huius
782 3805 857 3862 verbi
875 3805 986 3860 omissio
1004 3803 1116 3859 librario
1134 3805 1280 3861 tribuenda

122 3895 175 3960 est3
201 3893 319 3949 fortasse
338 3894 412 3948 enim
431 3909 489 3949 non
513 3893 626 3948 arbitrio
644 3892 758 3962 pictoris
775 3891 902 3955 debetur,
925 3889 998 3958 quod
1015 3889 1089 3957 apud
1106 3890 1278 3961 Anonymum

123 3977 296 4047 8111111111
320 3980 462 4035 Athenaeo
486 3977 716 4046 11111101100110.
740 3980 786 4030 231
813 3975 943 4040 (Wesch.)
967 3974 995 4028 in
1020 3972 1107 4041 ligura
1124 3979 1189 4029 sunt
1207 3975 1277 4028 duo

124 4064 323 4134 speculatorem
346 4063 406 4118 fieri
425 4067 499 4120 certe
516 4069 607 4133 potest
625 4066 656 4118 ut
673 4078 723 4132 pro
737 4053 824 4125 ‘cole’
843 4060 917 4128 apud
934 4062 987 4112 Am.
999 4059 1066 4128 Byr.
1084 4058 1225 4127 legendum
1244 4059 1280 4113 sit

119 4141 242 4205 ί1111101
253 4153 286 4204 ut
298 4149 384 4218 ligura
395 4149 443 4204 illa
461 4148 593 4204 debeatur
610 4147 662 4216 ipsi
680 4150 733 4201 An.
745 4147 822 4216 Byn,
840 4146 885 4199 hic
902 4149 995 4200 autem
1011 4145 1040 4199 in
1056 4144 1192 4200 Athenaei
1208 4143 1278 4198 libro
