3170 4984
273 400 316 455 De
331 400 455 458 lontibus
472 401 598 472 Dionysii
614 402 865 460 Halioamarseusis
883 404 1056 474 quaestiones
1074 405 1174 461 variae.
1246 406 1308 466 235

142 574 365 660 cognovimns,
388 575 434 642 ita
455 593 496 642 ne
519 575 577 642 illa
598 575 731 660 quidem
753 575 923 644 Liciniana
945 597 1026 661 esse,
1050 596 1134 662 quae
1149 577 1307 662 Diony·

141 677 342 747 sinevae
371 675 484 762 refert,
514 678 630 746 eadem
658 680 784 746 ratione
812 679 1011 747 docebimur.
1058 680 1097 746 Iu
1126 677 1190 748 boo
1220 680 1307 746 enim

142 779 249 865 eapite
273 777 450 864 Dionysius
471 779 530 846 illo
552 801 637 847 auno
660 781 823 862 (stoicos)
847 781 986 867 primum
1010 782 1133 848 liberae
1156 781 1306 867 reipub

140 883 226 949 lioao
248 899 380 948 censum
402 879 548 948 habiturn
570 901 642 949 esse
664 901 798 950 narrans
820 880 883 950 boo
909 882 1104 965 institutum,
1128 883 1307 967 Tarquinio

141 983 290 1069 Superbo
319 988 474 1066 regnante
503 984 600 1067 plane
628 985 827 1068 neglectum,
856 1003 879 1050 a
900 983 1015 1052 Servio
1038 985 1147 1050 'l‘ullio
1169 983 1307 1050 adnotat

141 1087 221 1154 olim
243 1090 390 1154 sanctum
413 1104 493 1154 esse.
532 1084 657 1164 Quodsi
680 1087 802 1171 optime
823 1086 894 1166 fieri
916 1085 1087 1168 iudicabis,
1111 1092 1146 1152 ut
1167 1085 1305 1154 instituti

139 1189 279 1256 alicuius
301 1187 435 1270 originis
457 1187 699 1271 admoneamur,
723 1188 811 1272 quod
832 1190 930 1272 longo
953 1189 1109 1273 temporis
1132 1188 1306 1254 intervallo

139 1291 325 1358 intermisso
340 1295 408 1356 turn
422 1290 563 1374 primurn
577 1291 611 1356 in
625 1306 720 1358 usum
734 1297 921 1358 revocatum
934 1298 992 1374 est,
1010 1311 1050 1358 eo
1066 1291 1180 1374 magis,
1196 1288 1305 1372 oredo,

139 1393 326 1475 miraberis,
349 1391 437 1475 quod
459 1393 493 1456 in
516 1412 586 1476 cap.
611 1394 698 1476 75,3
721 1393 896 1458 alterum
924 1394 1048 1460 liberae
1077 1394 1125 1460 rei
1153 1392 1305 1477 publicae

139 1513 274 1563 0000000
302 1492 390 1575 (anui
412 1493 562 1572 tecleae)
591 1495 750 1562 relaturus
778 1503 887 1563 10000
915 1497 1031 1562 iterum
1055 1494 1205 1561 Servium
1228 1494 1306 1560 'lul-

138 1597 220 1662 lium
248 1597 385 1663 instituti
412 1602 577 1664 auctorem
611 1595 735 1664 inducit
768 1617 829 1666 neo
863 1599 968 1664 minus
996 1597 1131 1680 eopiosa
1158 1597 1306 1663 oratioue

139 1717 255 1766 census
270 1698 430 1764 sotionem
447 1699 589 1783 exponit
624 1697 767 1777 Quorum
782 1707 954 1784 utrumque
969 1699 1058 1783 apud
1074 1698 1212 1766 eundern
1228 1699 1305 1764 sori·

138 1807 267 1885 ptorem
290 1799 483 1883 Dionysium
507 1801 670 1868 invenisse
693 1802 751 1868 vix
773 1799 853 1868 mihi
875 1802 1102 1885 persuaserim.
1147 1800 1306 1868 conferas

139 1919 286 1987 quoque,
320 1920 417 1984 quam
445 1902 558 1984 paucis
587 1903 732 1986 alioquin
767 1923 920 1970 censuum
951 1904 1071 1970 mentio
1101 1902 1173 1968 fiat:
1207 1902 1305 1968 Dion.

139 2004 185 2070 VI
207 2007 259 2086 06,
276 2008 311 2087 4;
334 2003 383 2068 IX
406 2005 458 2088 36,
475 2007 504 2070 3.
549 2002 656 2082 Quare
680 2006 832 2089 equidem
854 2006 1043 2089 collegerim
1067 2005 1148 2072 duos
1178 2023 1305 2086 census,

137 2105 252 2174 ambos
273 2105 395 2189 primos
410 2105 533 2172 liberae
549 2107 761 2191 reipublicae,
783 2129 806 2174 a
819 2108 980 2194 Dionysio
996 2128 1039 2174 ex
1061 2107 1189 2174 duobus
1210 2107 1305 2174 uimi-

137 2227 210 2276 rum
231 2207 373 2273 lontibus
395 2212 565 2292 exceptos,
588 2208 767 2274 alterum
789 2216 915 2296 autem,
945 2211 1098 2294 quoniam
1120 2210 1216 2276 alteri
1239 2212 1305 2274 inm

137 2309 263 2377 dudum
284 2308 409 2394 primus
428 2308 552 2376 liberae
575 2310 797 2392 reipublicae
820 2313 911 2380 locus
933 2331 1106 2380 concessus
1129 2317 1217 2390 erat,
1240 2331 1305 2377 non

136 2419 174 2480 ut
195 2411 334 2496 primurn
358 2411 523 2494 expressis
543 2411 653 2478 verbis
675 2413 717 2478 ab
741 2432 779 2480 oo
802 2414 966 2480 redditum
988 2433 1077 2497 csse,
1103 2421 1214 2480 tamen
1236 2433 1304 2480 ser·

137 2519 226 2596 vata,
249 2513 390 2597 quaein
411 2513 516 2595 primo
539 2517 663 2580 tautum
686 2535 779 2580 suurn
795 2516 903 2582 locum
921 2514 1065 2599 haberet,
1090 2516 1306 2600 expositione.

225 2613 317 2692 Quae
340 2614 500 2680 sententie
522 2634 561 2681 eo
585 2635 724 2700 quoquc,
747 2618 810 2685 nisi
832 2617 938 2699 iallor,
961 2618 1196 2701 aliquantulum
1220 2635 1304 2685 com·

137 2715 326 2798 mandatur,
356 2715 444 2799 quod
474 2717 650 2800 Dionysius
673 2719 701 2783 V
725 2724 766 2786 20
796 2723 840 2799 (et
862 2720 948 2786 Plut.
972 2719 1064 2786 Publ.
1092 2722 1143 2795 12)
1172 2724 1305 2786 130000

138 2819 259 2885 civium
282 2817 400 2901 capita,
424 2817 482 2883 sed
497 2818 527 2883 V
544 2823 583 2882 75
608 2825 739 2887 150700
763 2841 861 2888 00000
876 2842 948 2888 0000
970 2820 1077 2887 refert.
1114 2823 1199 2888 Nam
1223 2822 1306 2889 haec

137 2919 325 2986 differentia
340 2920 418 2986 satis
434 2939 552 3003 magua
566 2941 674 3004 neque
687 2922 762 2989 aliis
777 2925 873 2990 rebus
889 2921 965 2989 inde
980 2945 1001 2989 a
1017 2943 1087 3008 cap.
1105 2923 1186 2990 vac
1203 2945 1305 3009 usque

138 3021 183 3088 ad
207 3021 235 3085 V
259 3023 300 3084 75
323 3021 480 3088 enarratis
503 3041 609 3105 nequo
632 3024 699 3089 Atti
716 3024 827 3092 Clausi
850 3045 923 3093 oum
946 3029 1029 3090 5000
1053 3027 1225 3094 clientibus
1247 3027 1305 3094 ad·

138 3124 340 3190 contuentis
369 3123 577 3208 explanatur,
608 3127 768 3210 quomodo
791 3125 878 3194 faota
900 3129 958 3210 sit,
988 3127 1168 3195 offensione
1196 3136 1306 3195 autam

139 3225 264 3291 carebit
286 3226 332 3308 ei,
361 3229 417 3309 qui
446 3245 488 3291 ex
511 3225 638 3293 duobus
659 3226 801 3296 fontibus
825 3229 1018 3312 Dionysium
1042 3230 1190 3298 hausisse
1219 3251 1305 3298 sum·

138 3327 250 3411 pserit.
287 3328 395 3410 Atque
416 3329 464 3394 ita
485 3329 600 3394 melius
624 3331 714 3396 illam
736 3352 941 3398 numerorum
956 3332 1183 3400 difficultatem
1206 3354 1303 3418 expe·

138 3428 203 3494 diri
218 3430 365 3508 arbitror,
382 3431 517 3512 quamsi
534 3451 606 3497 cum
622 3431 832 3516 Schweglero
845 3426 950 3500 ‘Rom
968 3427 1094 3502 Gesob.¹
1114 3437 1146 3501 Il
1162 3437 1303 3520 681sqq.

137 3528 244 3598 fusius
266 3531 308 3597 de
330 3529 393 3597 hao
414 3551 449 3598 rc
473 3531 658 3616 disputante
680 3535 723 3600 ad
746 3533 912 3602 licentiam
933 3538 988 3602 vel
1017 3539 1125 3623 potius
1147 3539 1305 3605 incuriam

137 3631 236 3698 unius
246 3634 411 3700 annalium
423 3636 599 3719 scriptoris,
611 3656 728 3722 nempe
737 3637 859 3702 Valerii
867 3638 1018 3722 Antiatis,
1032 3642 1183 3724 quamvis
1194 3662 1303 3708 nume·

137 3753 247 3800 rorum
269 3733 492 3818 fingendorum
514 3737 783 3804 hariolationibus
798 3741 922 3814 famosi,
946 3739 1166 3824 refugeremus
1183 3742 1304 3821 (Sobw.

225 3933 292 4004 Sed
308 3938 396 4007 baud
412 3941 524 4024 ignoro
540 3943 641 4009 fuisse
654 3943 686 4024 ¹),
703 3941 759 4026 qui
772 3961 886 4011 census
902 3946 976 4012 illos
992 3963 1149 4012 annorum
1165 3947 1304 4029 acestes

139 4044 173 4106 ot
201 4041 339 4116 2561498
369 4051 541 4128 propterea
567 4051 718 4131 putarent
740 4065 782 4112 cx
810 4065 875 4113 uno
905 4046 1085 4132 eodemque
1113 4051 1202 4117 fonte
1232 4072 1303 4119 esse

155 4145 348 4155 ἡ

228 4178 254 4241 1)
272 4174 309 4229 Ut
326 4175 495 4232 Nitzsehlurn
513 4178 531 4231 l.
550 4178 568 4232 l.
587 4193 615 4246 p.
634 4181 668 4230 ta
679 4191 719 4246 sq.
