3198 4974
324 394 385 452 196
798 393 863 450 otto
880 393 1011 450 Booksch

321 567 434 634 hibita.
481 566 671 634 Volscorum
699 565 775 634 duci
803 566 891 650 apud
922 566 1115 650 DIonysium
1139 565 1217 632 VIII
1242 571 1256 630 1
1285 584 1404 632 nomen
1434 571 1487 634 est

320 669 445 736 Pullo
474 669 604 750 Attio,
631 667 721 752 apud
743 667 951 736 Plutarchum
976 670 1017 732 22
1040 667 1181 734 Tullo
1210 666 1486 751 Amphidi03

318 771 535 837 Volumnia
550 769 725 837 Plutarcho
740 789 805 836 uon
820 789 912 852 uxor,
934 769 994 837 sed
1008 775 1112 836 mater
1129 769 1294 838 Coriolani
1316 777 1375 850 cst,
1398 788 1486 853 quae

318 872 407 956 apud
449 873 644 955 Dionysium
687 872 777 952 (VIII
812 873 865 949 39)
899 871 1073 936 Veturia
1106 870 1222 954 audit3
1255 877 1367 937 contra
1399 889 1487 954 quac

270 1035 274 1042 .
319 973 407 1058 apud
429 975 624 1057 Dionysium
653 973 741 1050 (VIII
770 977 824 1051 40)
846 973 1063 1040 VolumnIa
1084 973 1283 1056 nomiuatur,
1317 991 1400 1038 uxor
1423 970 1486 1038 Ce-

318 1075 450 1158 riolaui,
480 1096 502 1142 a
524 1073 700 1142 Plutarcho
722 1074 914 1158 Vergilia
935 1073 1053 1140 dicitur
1076 1073 1486 1158 (repausaturus).

320 1175 451 1260 Optimo
480 1179 550 1242 iure
576 1178 705 1243 Korber
727 1177 760 1255 (l.
776 1177 797 1242 l.
813 1180 867 1253 41)
889 1175 1024 1244 adnotat
1048 1177 1131 1244 hauc
1152 1196 1222 1244 rem
1244 1176 1396 1244 Pelorum
1419 1195 1488 1242 uon

320 1280 367 1344 ita
381 1279 612 1364 declararisse,
635 1285 672 1344 ut
685 1277 768 1344 nihil
787 1277 998 1345 dubitationis
1020 1279 1268 1362 relinqueretur.
1312 1277 1376 1344 Hic
1398 1279 1487 1346 euim

322 1387 432 1446 censet
450 1379 660 1448 Plutarchum
682 1380 834 1463 Dionysii
855 1379 947 1446 libris
971 1379 1145 1463 diligenter
1167 1380 1320 1465 perlectis
1343 1380 1489 1462 plurima

323 1502 365 1548 ex
377 1482 533 1548 memoria
543 1483 661 1550 litteris
676 1481 860 1564 mandasse,
872 1481 1035 1548 nonnullis
1047 1488 1171 1548 tautum
1181 1479 1314 1548 schedis
1325 1480 1489 1566 adiutum,

321 1583 355 1648 in
377 1603 458 1666 quas
472 1585 655 1652 accuratius
671 1583 833 1667 quaedam
847 1591 1064 1667 excerpserat.
1095 1582 1264 1650 Concedes
1287 1582 1386 1650 credo
1401 1583 1487 1649 Kor-

321 1685 399 1752 boro
414 1685 551 1752 fortasse
565 1687 698 1753 nomina
712 1686 854 1753 exscribi
869 1686 984 1752 solere.
1020 1683 1115 1764 Quod
1130 1704 1209 1752 vero
1225 1683 1278 1750 hic
1294 1685 1365 1768 ipse
1380 1685 1487 1766 suspi-

323 1792 428 1854 catur:
451 1787 610 1870 imprimis
625 1789 733 1855 varlas
749 1789 914 1855 exstitIsse
936 1787 978 1855 dc
1002 1789 1067 1854 illis
1090 1788 1276 1854 nominibus
1298 1785 1487 1871 relationes,

323 1889 496 1970 exquibus
513 1907 595 1973 eam,
612 1908 696 1972 quae
707 1887 902 1956 Volumniae
919 1895 951 1956 et
966 1887 1133 1972 Vergiliae
1148 1890 1281 1956 uomina
1301 1887 1489 1970 praeberet,

323 1990 476 2058 scribenti
498 1989 673 2058 Plutarcho
701 1991 736 2056 in
759 1998 899 2057 mentem
930 1993 1076 2074 uenisse,
1106 2011 1146 2058 eo
1173 2011 1379 2074 nequaquam
1402 1988 1489 2056 diffi-

324 2092 426 2158 cultas
448 2091 632 2176 expeditur.
676 2089 829 2158 Attamen
852 2092 1003 2176 expediri
1025 2113 1097 2160 eam
1120 2113 1218 2176 posse
1241 2112 1368 2160 causeo.

410 2193 626 2276 Reperiuntur
660 2193 746 2258 enim
775 2195 957 2261 accuratIus
994 2196 1209 2277 perscrutanti
1245 2193 1489 2276 discrepantiae

325 2294 485 2378 quaedam
507 2297 591 2360 inter
613 2293 779 2362 Plutarchi
801 2300 835 2384 pt
857 2295 1007 2380 Dionysii
1029 2298 1245 2379 narrationes,
1276 2297 1393 2380 quibus
1417 2297 1490 2364 siue

324 2398 392 2462 ulla
423 2397 624 2465 dubitatione
657 2397 795 2463 alterum
828 2405 958 2481 praeter
987 2397 1182 2483 Dionysium
1209 2399 1332 2466 fontem
1361 2418 1382 2464 a
1411 2399 1488 2464 Plu-

321 2499 434 2566 tarcho
463 2498 660 2566 exhaustum
690 2519 762 2566 csse
790 2499 1073 2566 demonstrabitur.
1117 2500 1215 2566 Initi0
1241 2500 1357 2564 Plut.
1389 2499 1488 2566 Cor.

321 2621 406 2684 cap.
432 2602 479 2666 26
502 2601 641 2682 legimus
664 2602 795 2668 Tullum
815 2601 1028 2685 Amphidium
1051 2608 1084 2668 et
1105 2601 1261 2668 Marcium
1277 2601 1489 2668 Coriolanum

324 2703 408 2768 olam
424 2722 496 2767 cum
508 2702 696 2768 Volscorum
712 2704 912 2786 principibus
929 2705 963 2770 iu
979 2704 1149 2770 consilium
1165 2704 1265 2769 ivisse
1286 2722 1488 2788 operamque

322 2801 463 2883 dedisse,
487 2809 523 2869 ut
537 2822 593 2870 ecs
611 2801 655 2868 ad
678 2804 798 2870 bellum
821 2811 933 2872 contra
948 2805 1110 2872 Romanos
1133 2805 1376 2886 suscipiendum
1400 2827 1489 2874 com·

322 2911 506 2986 monerout;
543 2904 603 2972 sed
639 2907 713 2973 illos
751 2906 865 2972 foedus
899 2925 971 2972 cum
1006 2906 1161 2973 Romanis
1199 2907 1298 2972 ictum
1334 2906 1489 2991 frangere

324 3025 521 3090 magnopere
556 3025 629 3073 esse
665 3008 797 3074 veritos.
856 3008 992 3074 Prorsus
1027 3008 1122 3074 aliter
1151 3007 1329 3091 Dionysius
1360 3009 1488 3074 villa

322 3128 390 3174 rem
411 3113 537 3190 gestam
560 3117 702 3176 enarrat:
726 3109 841 3176 Tullus
862 3109 970 3175 AttIus
994 3115 1026 3174 et
1047 3108 1187 3176 Marcius
1209 3109 1402 3178 Coriolanus
1426 3112 1489 3176 soli

323 3211 406 3276 inter
429 3229 464 3276 se
487 3210 608 3276 bollum
629 3219 744 3278 centra
765 3211 928 3276 Romanos
950 3230 1064 3294 gerere
1086 3210 1282 3292 decernunt;
1304 3217 1488 3278 ceterorum

323 3320 432 3378 autem
464 3312 606 3378 omnium
630 3312 821 3378 Volscorum
850 3313 950 3378 animi
980 3333 1039 3378 sua
1061 3319 1177 3395 sponte
1200 3311 1350 3378 videntur
1372 3334 1414 3380 co
1439 3316 1483 3382 in·

325 3415 464 3495 clinare,
492 3419 528 3478 ut
549 3413 637 3479 bollo
660 3433 695 3480 se
718 3415 939 3497 interponant;
969 3414 1184 3481 Plutarcheae
1207 3433 1285 3480 uero
1308 3418 1489 3484 memoriae

326 3515 420 3597 quasi
446 3514 620 3595 vestigium
642 3515 772 3580 videtur
793 3515 875 3580 illud
898 3518 1104 3598 remansisse,
1128 3515 1215 3599 quod
1237 3515 1354 3597 Attius,
1378 3518 1488 3584 simul·

324 3623 422 3699 atque
459 3614 650 3682 Coriolanus
683 3635 756 3708 eum
792 3617 942 3699 precibus
972 3617 1069 3702 adiit,
1099 3618 1247 3701 promisit
1276 3635 1312 3683 se
1342 3619 1489 3686 omnium

324 3717 515 3784 Volscorum
542 3718 720 3784 amicitiam
749 3717 780 3783 ei
807 3719 1054 3786 conciliaturum
1082 3738 1155 3786 csse
1176 3718 1267 3796 (VIII
1288 3721 1325 3802 2,
1358 3721 1398 3797 1).
1446 3721 1491 3789 Ut

326 3826 433 3884 tamen
460 3819 581 3886 bellum
605 3817 781 3901 differatur,
805 3818 839 3884 id
862 3840 926 3886 ucn
948 3820 1148 3902 Volscorum,
1170 3819 1231 3888 sed
1252 3819 1354 3886 Marci
1377 3821 1491 3890 Corin-

324 3920 392 3984 laui
406 3920 508 4003 ipsius
524 3921 621 4003 culpa
641 3919 677 3986 fit
699 3921 869 4002 monentis,
892 3928 927 3987 ut
949 3923 1137 4005 priusquam
1159 3921 1280 3988 bellum
1302 3922 1491 4009 incipiatur,

324 4021 411 4086 iusta
437 4021 557 4104 piaque
586 4021 664 4088 belli
687 4041 786 4088 causa
808 4033 982 4104 quaeratur
1005 4023 1095 4100 (VIII
1116 4025 1158 4102 2).
1202 4021 1358 4092 Contra
1387 4026 1435 4092 Pl
1448 4049 1491 4093 u·

324 4122 491 4189 tarchus
515 4121 591 4190 hac
612 4124 652 4188 in
675 4143 716 4189 re
738 4143 760 4189 a
781 4123 984 4207 Dionysio
1007 4123 1254 4207 discrepans
1275 4131 1493 4198 consentit
