3134 4986
477 411 655 481 quaestiones
673 411 882 468 Posidonianee.
1198 411 1260 471 3⁷3

98 584 244 652 caelesti.
289 582 393 662 Quam
423 603 479 650 eur
509 603 551 651 ex
578 583 672 652 huius
690 576 916 652 ‘Commenta'
943 583 1167 668 depromptam
1188 605 1261 654 esse

97 685 351 752 existimandum
384 687 427 753 sit
455 686 541 752 infra
573 704 781 770 exponemus.
832 685 925 765 Quae
957 693 1131 772 propterea
1162 707 1261 771 quarn

95 789 239 854 maxime
268 787 421 854 notabilis
449 794 500 854 est
527 788 615 871 quod
642 790 676 854 in
705 808 746 854 ea
767 789 935 856 Posidonii
964 788 1006 854 de
1027 809 1105 855 ereu
1127 790 1261 856 caelesti

96 890 260 957 sententio
282 907 477 973 quamquam
499 908 674 974 suppresso
695 890 836 956 auetoris
858 891 988 956 nomine
1007 889 1143 957 refertur
1156 897 1190 956 et
1205 909 1260 956 ex·

95 991 257 1076 plantetur.
301 990 399 1057 Forte
431 996 540 1057 autem
569 989 699 1059 fortuna
726 993 846 1060 scimus
875 1010 940 1075 quo
969 992 1003 1057 in
1031 992 1114 1058 libro
1143 991 1198 1058 hie
1218 992 1261 1059 de

95 1091 183 1158 iride
210 1093 322 1176 egerit
366 1091 517 1175 Namque
538 1091 686 1161 Laertius
708 1094 873 1178 Diogenes
901 1093 1006 1160 relata
1036 1094 1106 1160 eins
1135 1091 1176 1160 de
1199 1092 1262 1160 hee

95 1194 248 1262 doctrina
272 1193 366 1261 addit
388 1193 442 1270 (σέ.
464 1193 486 1259 l.
502 1192 573 1260 vll.
593 1195 680 1274 152):
709 1189 757 1271 ὥς
778 1191 1011 1271 Ποσειδώνιός
1035 1215 1140 1282 φησιν
1162 1191 1198 1260 ἐν
1218 1205 1260 1282 τῇ

92 1287 405 1383 ’Μετεωρολογικῇ
432 1295 514 1375 (scil.
537 1293 767 1377 στοιχειώσει).

185 1400 233 1465 Re
255 1399 301 1464 ita
323 1402 510 1480 comparata
532 1397 612 1463 mihi
635 1398 766 1483 quidem
789 1399 868 1466 satis
890 1403 1038 1467 eonstme
1053 1397 1182 1466 ridetur
1197 1397 1260 1464 (le-

95 1501 179 1566 mini
197 1489 456 1566 ‘Commentum'
482 1500 707 1583 explanationi
724 1499 892 1568 Posidonii
911 1493 1172 1568 ‘Elementorum
1193 1519 1260 1565 me·

96 1592 382 1685 teorologieornm'
415 1621 455 1667 ue
476 1621 541 1667 non
562 1602 639 1667 libri
658 1595 758 1684 ‘aspi
780 1595 970 1686 μετεώρων’
995 1602 1169 1670 inservisse
1190 1601 1260 1667 Pri·

94 1704 309 1786 seianumque
336 1703 448 1787 paullo
476 1703 701 1786 neglegentius
732 1705 859 1770 titulum
888 1705 964 1772 libri
991 1705 1176 1771 Geminiani
1203 1722 1260 1769 ex·

93 1823 264 1889 pressisse.

186 1903 346 1984 Quoniam
369 1904 411 1971 de
434 1905 602 1973 Prisciano
625 1905 784 1987 diximus,
807 1905 851 1972 ad
874 1906 1035 1991 Simplicii
1056 1905 1098 1973 de
1121 1906 1259 1973 Gemino

97 2008 318 2074 testimonium
351 2007 635 2091 transgrediamur.
685 2007 737 2073 De
769 2009 860 2075 euius
893 2009 1157 2092 interpretatione
1186 2027 1261 2074 eum

96 2129 223 2175 summa
244 2109 328 2175 inter
350 2109 498 2176 homines
521 2107 634 2176 doctos
656 2111 878 2176 controversia
899 2112 951 2195 sit,
974 2110 1163 2195 diligentins
1177 2109 1260 2176 illud

97 2211 297 2278 considerari
325 2213 544 2279 necessarium
574 2210 668 2277 duee.
712 2211 878 2278 Invenitur
906 2219 1015 2278 autem
1043 2213 1077 2278 in
1100 2211 1261 2296 Simplicii

97 2319 268 2379 comment.
298 2312 342 2378 ad
369 2314 468 2380 Arist.
496 2303 616 2396 ‘Phys'
642 2314 707 2378 vol.
728 2312 745 2378 1
770 2333 802 2396 p.
819 2316 893 2394 net,
909 2316 1029 2397 34sqq.
1057 2313 1175 2396 Diels,
1203 2315 1260 2379 ubi

95 2414 182 2498 legis
204 2411 299 2480 haec:
322 2408 340 2480 δ
365 2413 402 2480 δὲ
424 2407 641 2499 Ἀλέξανδρος
663 2411 861 2499 φιλοπόνως
884 2411 973 2490 λέξιν
989 2409 1065 2479 τινὰ
1080 2414 1141 2478 τοῦ
1156 2417 1188 2477 Γ
1185 2417 1259 2494 εμί-

95 2539 155 2580 νοο
178 2519 413 2603 παρατίθησιν
436 2513 471 2581 ἐκ
490 2515 550 2603 τῆς
565 2511 729 2601 ἐπιτομῆς
743 2515 811 2580 τῶν
825 2513 1058 2580 Ποσειδωνίου
1077 2519 1259 2599 Μετεωρο-

96 2619 240 2702 λογικῶν
263 2613 446 2704 ἐξηγήσεως
468 2614 530 2694 τὰς
545 2609 704 2704 ἀφορμὰς
719 2609 789 2683 ἀπὸ
812 2609 1063 2699 Ἀριστοτέλους
1078 2615 1258 2700 λαβοῦσαν.

95 2721 253 2804 Sequitur
274 2740 296 2785 a
316 2719 486 2804 Simplicio
510 2721 690 2804 exscriptus
712 2721 812 2786 loeus.
852 2720 964 2802 Pergit
985 2718 1104 2786 deinde
1128 2717 1257 2802 Simpli·
1362 2735 1366 2738 ·

94 2825 184 2891 cius:
213 2811 319 2898 οὕτως
340 2820 401 2904 μέν
424 2806 561 2887 οὖνκαὶ
583 2815 601 2887 ὅ
626 2824 768 2904 Γέμινος
789 2823 946 2905 (corrigas
966 2827 1119 2903 Γεμῖνος)
1141 2812 1216 2907 ῆισι
1238 2813 1256 2883 δ

93 2920 193 3010 παρὰ
222 2925 271 3009 τῷ
292 2928 425 3010 Γεμίνῳ
448 2923 684 3000 ΠοσειδώνιοςΙ
707 2919 769 3010 τῆν
798 2920 966 3010 διαφορὰν
994 2924 1053 3010 τῆς
1081 2944 1119 2987 τε
1141 2941 1258 3008 φυσιο-

96 3029 217 3112 λογίας
243 3025 300 3090 καλ
328 3027 388 3112 τῆς
416 3017 638 3112 ἀστρολογίας
665 3022 902 3109 παραδίδωσιν
932 3017 1001 3090 ἀπὸ
1024 3025 1084 3090 τοῦ
1102 3016 1258 3107 Ἀριστο-

94 3131 213 3205 τέλους
245 3124 308 3204 τὰς
334 3119 494 3214 ἀφορμὰς
522 3125 644 3212 λαβών.
695 3126 803 3194 Cerdo
830 3128 966 3194 vertitur
993 3128 1027 3192 in
1055 3125 1259 3209 explicandis

95 3233 208 3299 verbis
238 3227 327 3306 λέξιν
353 3226 429 3295 τινὰ
451 3232 512 3294 τοῦ
535 3235 565 3294 Γ
562 3235 677 3313 εμίνου
699 3231 935 3316 παρατίθησιν
957 3224 992 3293 ἐκ
1011 3229 1071 3313 τῆς
1094 3223 1259 3309 ἐπιτομῆς

93 3335 165 3401 τῶν
177 3330 409 3398 Ποσειδωνίου
422 3332 726 3417 Μετεωρολογικῶν
741 3327 924 3418 ἐξηγήσεως
937 3326 1000 3407 τὰς
1015 3321 1172 3416 ἆφορμὰς
1188 3321 1258 3393 ἇπδ

90 3430 350 3520 Ἀριστοτέλους
377 3435 556 3517 λαβοῦσαν.
600 3433 692 3513 Quae
714 3433 816 3500 verbe
837 3435 893 3517 qui
915 3433 1100 3500 adcuratius
1122 3449 1258 3514 perpen-

96 3540 185 3607 derit
216 3539 327 3622 aliqua
359 3538 434 3603 labe
467 3541 597 3620 turpata
630 3555 701 3603 esse
733 3555 797 3601 non
830 3536 952 3621 poterit
982 3555 1047 3601 non
1074 3531 1256 3618 pervidere.

95 3642 249 3725 Namque
271 3647 308 3705 ut
328 3641 396 3706 alia
410 3647 547 3720 taceam,
564 3638 752 3720 longissime
766 3638 883 3704 absunt
897 3638 940 3703 ab
955 3636 1139 3720 integritate
1153 3655 1258 3718 gram

96 3744 229 3810 metica.
273 3739 360 3808 Inter
387 3759 508 3824 paucos
537 3739 611 3805 illos
633 3739 689 3822 qui
711 3739 752 3805 de
775 3758 887 3805 eorum
908 3739 1092 3806 sinceritate
1114 3757 1178 3804 non
1200 3736 1258 3802 du-

94 3847 203 3912 bitant
224 3843 267 3908 M.
289 3842 325 3909 (l.
347 3843 383 3908 Ρ.
407 3841 556 3909 Schmidt
585 3847 634 3907 est
662 3833 876 3918 (ef.‘Phi101.'
907 3841 972 3906 vol.
996 3839 1127 3905 XXXII
1149 3834 1258 3924 [1884]

95 3969 131 4033 p.
154 3949 218 4021 94).
264 3942 327 4022 Qui
357 3944 459 4010 verba
488 3939 575 4018 λέξιν
602 3939 678 4006 τινὰ
708 3943 768 4007 τοῦ
789 3949 821 4006 Γ
819 3946 933 4025 εμίνου
956 3938 992 4005 ἐκ
1013 3942 1072 4027 τῆς
1095 3936 1258 4027 ἐπιτομῆς

95 4049 165 4113 τῶν
180 4045 412 4112 Ποσειδωνίου
425 4043 730 4129 Μετεωρολογικιῦν
745 4043 919 4112 cohaerere
934 4049 1052 4122 censet,
1076 4039 1259 4129 ἐξηγήσεως

95 4156 208 4218 autem
235 4149 421 4232 genetivum
443 4167 515 4214 eum
536 4147 704 4215 vocabulis
726 4147 995 4231 subsequentibus
1017 4140 1078 4273 τῆς
1100 4137 1258 4231 ἀφορμὰς

999 4249 1032 4299 rs
