3134 4986
322 381 385 442 320
759 378 960 436 Maximilianun
978 377 1057 434 Thiel

317 565 454 654 Ἀπέχει
482 570 519 636 δέ
546 563 645 646 άλλος
669 560 734 634 ἀπ’
761 562 864 635 άλλου
886 572 967 635 κίων
990 564 1183 644 παλαιστὰς
1200 549 1322 652 ῑκαλ
1352 563 1486 646 ἐπιζεύ-

321 697 457 760 γνυνται
490 663 548 738 ἐπ’
582 663 900 767 αύτῶν-ἐπιστύλια
928 667 1035 755 κύκλῳ
1064 667 1195 746 πλάτος
1217 667 1335 752 έχοντα
1356 671 1485 735 παλαι-

322 773 405 852 στάς
421 762 473 851 Ξῖ,
508 771 617 855 πάχος
646 771 682 838 δέ
706 777 742 837 Γ.
789 762 866 836 Ἐπὶ
896 769 932 836 δέ
960 773 1027 837 τιδν
1056 767 1260 838 ἐπιστυλίων
1296 771 1484 869 πήγνυντρ

322 875 508 944 ουνκύπται
522 873 560 942 τὸ
584 867 673 960 ύψος
696 871 886 960 ἐξαίροντες
908 871 1009 954 (codd.
1022 866 1273 958 “ἐξαιροῦντες’)
1294 872 1416 963 πήχεις
1432 880 1485 939 Η·

320 979 377 1045 καὶ
406 970 463 1044 ἐπ’
498 970 608 1043 αύτῶν
637 974 734 1054 δοκὸς
763 972 972 1062 ἐμπήγνυται
1001 975 1147 1060 πλαγία,
1178 973 1227 1053 εἰς
1244 972 1284 1061 ἣν
1306 979 1421 1044 πᾶσαι
1448 976 1484 1042 αἱ

320 1082 465 1168 κορυφαὶ
487 1082 554 1145 τῶν
578 1080 773 1146 συνκυπτῶν
796 1075 999 1164 πήγνυνται·

406 1200 463 1265 καὶ
477 1204 627 1284 γίνονται
650 1195 709 1264 δύο
731 1197 876 1281 πλευραὶ
898 1197 1104 1281 κεκλιμέναι·
1126 1199 1183 1264 καὶ
1206 1195 1329 1265 λοιπὸν
1350 1197 1389 1265 τδ
1414 1202 1484 1266 πᾶν

321 1300 417 1387 ἐργον
432 1300 630 1368 σανιδοῦται
644 1299 700 1366 καὶ
717 1297 918 1378 σκεπάζιται
932 1300 1202 1387 (παραπλησίως
1223 1311 1299 1378 ταῖς
1317 1307 1483 1387 χωστρίσι

318 1400 506 1490 χελώναις).

399 1515 487 1604 Ἔχει
503 1520 539 1586 δέ
560 1521 616 1587 καὶ
639 1524 741 1608 μέσην
764 1524 881 1606 στέγην
904 1517 1052 1587 ἐπὶτῶν
1075 1520 1203 1587 στόλων
1226 1513 1483 1609 άναπαυομένην

319 1615 415 1700 ὅπως
436 1618 456 1711 ή
479 1623 685 1707 βελοστασία
707 1620 957 1705 (βελόσταοιςλ)
979 1615 1036 1688 ἐπ’
1064 1617 1167 1708 αὐτῆς
1192 1621 1254 1710 εἴη.

163 1758 220 1804 Ath-
234 1770 255 1812 υ.
271 1757 305 1802 ae.
396 1733 577 1808 Ἵστανται
600 1740 636 1807 δέ
649 1733 782 1828 <ἶπίσω
805 1743 864 1830 τής
892 1739 1109 1829 κριοδόχηςλ)
1131 1743 1228 1830 σκέλη
1252 1740 1311 1810 δύο
1332 1742 1336 1826 Ι
1357 1748 1480 1827 συμβε-

318 1845 468 1932 βλημένα
483 1838 590 1929 όρθια
605 1841 659 1927 (ἐν
673 1845 758 1929 μέσῃ
781 1845 842 1931 τῆς
861 1840 1049 1931 χελώνηςδ>
1070 1843 1187 1926 έχοντα
1208 1842 1294 1911 κατά
1316 1843 1354 1912 τδ
1378 1847 1482 1932 μῆκος

318 1944 497 2030 τριάκοντα
512 1943 646 2031 πήχεις·
673 1944 711 2011 τὸ
729 1944 765 2010 δέ
781 1939 891 2028 πάχος
906 1939 1017 2011 αύταῖν
1032 1959 1214 2033 πηχυαῖον·
1238 1945 1277 2014 τδ
1295 1945 1331 2014 δὲ
1351 1947 1481 2024 πλάτος

318 2047 628 2134 τριπαλαιστιαῑον.
675 2038 921 2134 Ἐφαρμόζεται
950 2047 987 2113 δέ
1016 2040 1073 2113 ἐπ’
1112 2047 1219 2114 αὐτῶν
1251 2051 1481 2138 περικέφαλον

318 2151 375 2216 καὶ
397 2153 501 2233 μέσον
525 2145 607 2216 άλλο
631 2146 688 2216 διά
710 2151 778 2215 τῶν
802 2150 927 2216 σκελῶν
951 2148 1138 2237 διάπηγμα.

406 2271 475 2335 Καὶ
498 2261 666 2353 άναμέοον
687 2271 748 2335 τοῦ
770 2292 807 2334 τε
829 2267 1059 2356 περικεφάλου
1081 2271 1219 2338 καὶτοῦ
1242 2266 1476 2358 διαπήγματος

318 2368 485 2456 πήγνυται
515 2369 612 2448 ξύλον
634 2365 758 2456 όρδιον

319 2491 374 2556 καὶ
405 2485 461 2577 ἐφ’
491 2489 646 2577 ἑκατέρου
675 2493 797 2574 μέρους
822 2492 882 2556 τοῦ
911 2487 1009 2568 ξύλου
1037 2493 1098 2557 τοῦ
1126 2494 1293 2578 παγέντος
1323 2494 1381 2560 καὶ
1415 2495 1478 2559 τῶν

320 2594 443 2659 σκελῶν
470 2591 694 2678 ἐμβάλλονται
722 2585 853 2659 όνίσκοι
880 2596 1145 2678 τετορνευμένοι,
1177 2591 1213 2671 ἐξ
1240 2585 1284 2659 ὦν
1313 2591 1356 2658 τὰ
1386 2585 1476 2661 ὅπλα

320 2693 497 2782 ἐξήρτηται
518 2694 560 2760 τά
584 2687 744 2776 άνέχοντα
764 2691 825 2760 τόν
847 2692 951 2778 κριόν.

401 2892 478 2963 Ἐπὶ
498 2897 537 2964 δὲ
558 2900 625 2964 τοῦ
640 2897 857 2984 ἐπικεφόλου
878 2898 1038 2983 (καὶτῆς
1059 2896 1291 2984 κριοδόχηςῗ)
1312 2897 1476 2986 πήγνυται
1553 2891 1554 2894 '

320 3000 494 3086 θωράκιον
517 3000 633 3082 (οἱονεὶ
656 3006 896 3090 περλφραγμα,
925 3001 968 3085 of.
992 3001 1112 3068 Wesoh.
1121 3023 1156 3086 γ.
1172 2999 1247 3086 231,
1262 3001 1311 3082 5),
1336 2992 1424 3066 ὥστε
1446 2998 1477 3065 ἐν

320 3093 404 3190 αὐτῇ
427 3095 669 3189 ἀσφαλέστατα
699 3102 869 3170 δύνασθαι
892 3102 1030 3170 ἑστάναι
1050 3101 1129 3181 τούς
1152 3101 1404 3190 ἐφοπτεύοντας
1426 3101 1473 3166 τιί

320 3197 603 3288 ἀποστελλόμενα
614 3205 653 3270 ἑκ
663 3208 737 3271 τῶν
750 3206 1021 3303 ἐναυτέωυσιρ-ὸς
1034 3207 1097 3270 τὸν
1108 3205 1221 3295 κριόν.
1252 3207 1320 3271 Τοῦ
1336 3204 1373 3271 δέ
1387 3204 1479 3290 κριοῦ

318 3303 357 3372 τδ
375 3305 506 3372 σύνπαν
519 3312 649 3393 γίνεται
663 3311 766 3394 μῆκος
781 3307 900 3396 πήχεις
914 3313 982 3390 ΡΚ,
1006 3307 1041 3374 ἐκ
1064 3307 1100 3373 δέ
1121 3310 1266 3394 πτέρνης
1288 3305 1399 3389 πάχος
1418 3306 1477 3391 μέν

162 3438 216 3484 m.
231 3451 252 3492 p.
270 3403 303 3481 τι,
319 3407 436 3474 ποδοῖν
459 3395 512 3490 E
526 3407 656 3487 πλάτος
686 3410 723 3476 δέ
742 3397 1013 3478 ῗπαλαιστῶν.
1051 3409 1111 3487 Εἰς
1127 3405 1276 3495 άκρονδέ
1295 3409 1300 3492 Ι
1321 3410 1477 3496 συνῆκται

320 3501 422 3578 αύτοῠ
437 3507 476 3576 τό
492 3511 553 3594 μέν
569 3510 677 3595 πάχος
693 3513 863 3592 ποδιαῖον,
887 3511 925 3579 τό
950 3512 987 3578 δὲ
1009 3510 1140 3590 πλάτος
1162 3509 1475 3598 τριπαλαιστιαῑον·
1552 3531 1553 3536 ’

405 3627 472 3712 έχει
488 3629 524 3696 δέ
538 3633 594 3698 καὶ
611 3631 721 3716 στόμα
737 3632 895 3720 σιδηροῦν
910 3623 1030 3716 ὅμοιον
1047 3627 1179 3715 ἐμβόλῳ
1201 3625 1377 3714 προμήκει.
1410 3625 1475 3714 <Τδ

320 3728 356 3795 δέ
372 3733 470 3815 σῶμα
486 3725 680 3817 αύλωτδνῗ)
694 3736 751 3800 καὶ
767 3727 829 3800 ἀπ’
851 3727 953 3800 αὐτοῦ
976 3731 1080 3809 έλικες
1104 3724 1321 3797 άποτελνουσι
1344 3729 1478 3816 σιδηραῖ

320 3833 581 3920 προοηλωμέναι
596 3838 644 3922 τῷ
658 3838 742 3922 κριῷ
757 3835 917 3920 τέσσαρες
939 3833 998 3902 ἐπὶ
1020 3832 1139 3922 πήχεις
1160 3820 1197 3899 'L'

402 3934 647 4016 Ὺποζιύννυται
663 3937 699 4003 δέ
715 3930 825 4015 δλοςδ
848 3935 941 4025 κριὸς
964 3929 1086 4014 όπλοις
1108 3929 1366 4011 όκταδακτύλοις
1387 3933 1475 4019 τρισὶ
