3170 4984
559 365 645 422 ludex
663 381 763 422 rerum.
1105 327 1106 330 Ἴ
1126 415 1128 420 .
1178 365 1239 423 273

89 539 284 596 Porsennae
302 537 428 593 bellum
445 537 591 592 226-228.
610 537 756 591 auu-234.
773 536 919 590 237-248.
943 565 974 575 -
999 534 1134 591 variarum
1158 535 1192 590 cle
1211 535 1241 589 P.

118 707 120 710 ι
154 624 180 678 b.
198 623 390 679 memoriarum
408 623 493 678 series
511 623 565 678 246
571 638 632 693 566.

86 759 206 817 Sullae
223 758 398 815 obtrectandi
416 773 502 814 eausa
523 757 672 814 Liciniana
693 757 727 812 de
748 757 904 812 dictaturae
925 756 1098 814 institutione
1118 755 1242 810 namatio

153 843 246 908 [Dion.
258 843 284 898 V
297 847 405 912 63566.)
424 844 577 914 composita
593 848 637 899 est
655 842 713 896 173.

86 979 229 1036 Tacitus
246 979 276 1034 in
294 977 358 1034 bist.
371 978 458 1034 11172
475 994 545 1048 quos
563 979 650 1034 iustos
667 980 779 1034 secutus
798 977 835 1033 sit
851 977 911 1042 247,
929 979 954 1032 2.

86 1115 253 1173 Valerius
272 1114 396 1170 Antias
418 1115 454 1169 ab
478 1114 538 1184 ipso
558 1115 638 1169 Dion.
657 1113 750 1169 editus
766 1115 828 1170 219.
846 1114 971 1185 249566.
983 1111 1017 1154 -’
1034 1130 1052 1169 a
1068 1115 1150 1170 Dion.
1169 1116 1244 1169 certe

153 1216 210 1256 non
227 1198 383 1270 exscriptus
400 1200 460 1252 255.
478 1230 512 1240 -
531 1215 601 1268 quae
613 1197 647 1252 V.
660 1201 694 1252 A.
707 1197 849 1254 novaverit
860 1202 888 1254 et
899 1199 1085 1255 immutaverit
1096 1199 1245 1268 exponitur

152 1285 197 1342 vel
214 1285 379 1353 adnotatur,
401 1288 452 1340 aut
475 1285 585 1340 omnino
602 1284 663 1339 eius
681 1299 727 1340 ars
744 1282 899 1339 illustratur
934 1286 993 1338 186.
1012 1286 1109 1356 16956.
1126 1285 1244 1355 296566.

153 1371 215 1424 216.
232 1369 284 1422 220
293 1384 334 1439 56.
356 1369 416 1423 224.
433 1369 494 1434 227,
515 1373 538 1423 1.
561 1369 620 1422 228.
639 1369 698 1422 234.
716 1369 775 1422 236.
793 1369 853 1422 238.
871 1369 929 1423 247.
948 1369 1050 1440 24956.
1067 1370 1127 1424 256.
1143 1370 1244 1440 25756.

152 1455 213 1509 259.
230 1455 291 1508 260.
308 1455 368 1510 264.
387 1485 419 1494 -
438 1471 456 1510 a
473 1453 545 1508 Plut.
558 1452 727 1522 exscriptus:
745 1453 784 1522 cfi
797 1453 848 1508 sub
867 1453 992 1510 lemmate
1008 1449 1208 1510 ‘Plutarchum

85 1540 124 1594 Μ.
141 1538 306 1596 Valerius
329 1537 497 1593 Messalla
519 1528 628 1594 Ruina
653 1538 772 1594 tortasse
793 1541 893 1594 auctor
915 1539 996 1608 elogii
1020 1539 1057 1594 de
1077 1537 1244 1595 M.’Valcrio

154 1624 276 1680 Maximo
293 1625 395 1694 26956.

87 1709 124 1763 Μ.
142 1708 306 1764 Valerius
323 1707 532 1763 Publicolae
549 1707 649 1762 iilius
667 1707 703 1763 ab
716 1709 830 1764 Antiate
848 1707 933 1764 fictus
945 1709 1004 1763 257.
1022 1709 1120 1778 25956.
1139 1738 1169 1748 -
1187 1722 1244 1763 non

153 1794 188 1848 de
205 1795 260 1848 boc
278 1792 428 1862 Dionysius
445 1791 582 1861 Vbisqq.
601 1793 670 1848 dicit
686 1794 806 1864 266566.

86 1878 116 1932 P.
133 1877 300 1934 Valerius
318 1875 529 1932 Publicolae
547 1876 649 1931 iilius
667 1877 703 1933 ab
720 1877 835 1933 Antiate
852 1875 934 1933 fietus
951 1879 1011 1931 257.
1029 1878 1128 1947 25956.
1145 1877 1244 1947 26656.

87 1964 124 2018 Μ.
142 1962 307 2019 Valerius
326 1959 528 2016 Publicolae
546 1959 662 2016 trater
678 1961 835 2029 (Maximus)
851 1964 880 2018 in
898 1979 992 2033 pugna
1003 1961 1153 2032 Regillensi
1171 1962 1244 2018 occi·

153 2065 200 2103 sus
224 2051 274 2102 ant
297 2046 470 2112 vulneratas,
492 2044 613 2100 dictator
636 2046 702 2102 anni
724 2046 837 2117 2601494
860 2047 984 2118 257566.
1008 2076 1041 2087 -
1065 2062 1122 2102 non
1140 2047 1174 2102 de
1191 2047 1245 2101 hcc

153 2131 304 2202 Dionysius
322 2131 393 2187 Vol
400 2147 457 2202 sqq.
476 2129 544 2185 dicit
561 2131 678 2202 266566.

87 2215 308 2272 bl.'Valerius
334 2215 537 2270 Publicolae
568 2214 681 2271 irater
705 2215 865 2283 (Maximus)
891 2216 1012 2273 dictator
1040 2217 1106 2273 anni
1133 2217 1245 2289 neellel

153 2303 273 2372 258566.
291 2331 325 2340 -
343 2300 460 2369 elogium
476 2301 578 2370 26956.

89 2387 126 2440 Μ.
144 2391 172 2442 et
189 2386 466 2442 M.’Valeriorum
483 2382 617 2440 historiae
634 2383 710 2452 ongo
729 2388 757 2440 et
774 2385 977 2442 immutationes
996 2387 1140 2443 257-266.

89 2467 1245 2540 lll'VsleriusPublicolaepetruelisprimusdietaterabslntiatefictns

154 2558 213 2612 259.
235 2556 355 2626 266566.

148 4223 258 4285 Leipziger
272 4231 372 4277 Studien.
387 4229 462 4276 XVII.
