3270 4968
445 375 486 430 De
505 375 628 431 codicum
645 375 843 430 Isocrateorum
860 375 1032 430 auctoritate.
1271 373 1311 434 49

162 549 412 632 discrepantiam
434 549 547 616 codice
563 550 644 616 inter
660 549 849 616 Vaticanum
865 560 897 615 et
912 547 1108 616 Marcianum
1124 548 1312 633 interposito

162 651 331 735 explanari
353 650 575 718 concedamus.

246 771 441 837 Momentum
472 776 579 838 autem
609 790 649 837 ex
680 773 719 838 iis
749 773 829 838 locis
857 777 967 856 petere
994 772 1079 855 licet,
1115 772 1170 855 qui
1199 771 1231 836 in
1262 790 1313 837 co·

161 873 234 940 dice
256 880 295 937 A
318 874 451 942 correcti
474 874 512 939 in
530 873 642 941 codice
663 872 696 943 Ξ
715 875 815 941 verba
839 895 861 940 a
890 874 1120 942 correctoribus
1144 873 1314 941 substituta

160 976 331 1060 praebent:

248 1079 323 1143 VIII
339 1081 389 1142 26.
406 1073 490 1141 ὥστ’
507 1083 582 1144 anie
598 1073 710 1161 ὀλίγον
726 1078 800 1146 add.
816 1078 873 1142 Aa
888 1099 968 1148 corr.
981 1084 1001 1143 4
1012 1106 1053 1130 =
1066 1077 1123 1148 Ξα.
1163 1080 1214 1144 38.
1232 1078 1313 1159 scapi

161 1171 207 1244 ὧν
224 1185 262 1244 A
277 1201 336 1265 pr.,
360 1180 415 1246 καὶ
432 1201 458 1248 s.
474 1201 504 1248 v.
521 1181 596 1248 add.
614 1184 632 1245 2
648 1210 691 1233 =
705 1180 745 1252 Ξ.
783 1185 834 1248 46.
851 1177 961 1245 αὐτῶν
979 1172 1025 1245 δι’
1046 1175 1103 1257 οὓς
1119 1181 1177 1245 Λα
1189 1202 1248 1265 pr.,
1266 1177 1311 1244 δι’

161 1278 220 1360 οδς
233 1302 328 1351 erasa
352 1274 461 1347 αότιῦν
472 1281 530 1354 Ea.
566 1288 616 1349 50.
631 1281 779 1364 δεκάζων
791 1291 830 1348 A
841 1305 921 1352 corr.
937 1289 950 1348 1
965 1281 1124 1362 (δικάζων
1136 1288 1175 1347 A
1190 1304 1236 1368 pr.
1259 1282 1313 1366 Ξ),

162 1383 220 1450 inl
229 1384 420 1471 δωροδοκίᾳ
431 1407 452 1452 a
464 1385 638 1454 scholiasta
650 1389 743 1455 tertio
755 1409 779 1455 ι.
789 1408 818 1452 v.
828 1386 915 1470 add,
928 1385 1012 1470 quod
1027 1387 1059 1452 in
1072 1393 1161 1452 textu
1171 1383 1313 1454 habeti.

247 1504 317 1583 Quo
340 1504 484 1572 codicem
507 1505 702 1574 Marcianum
726 1507 757 1577 Ξ
777 1507 819 1573 ad
842 1508 930 1590 ipum
953 1505 1098 1572 codicem
1123 1505 1313 1571 Vaticanum

161 1613 200 1670 A
223 1607 326 1675 rcdiro
349 1607 599 1675 demonstratum
623 1615 678 1676 est.

362 1830 499 1898 (lodex
523 1829 833 1915 Scapbusianus
855 1830 939 1898 MSc.
964 1836 1003 1896 43
1020 1861 1060 1882 =
1077 1831 1111 1898 Z.

248 1967 361 2034 Codex
383 1965 580 2050 chartaceus,
608 1967 697 2034 cuius
720 1967 799 2034 folia
822 1969 861 2030 20
870 1967 902 2048 γι
927 1987 987 2034 cm.
1010 1969 1077 2034 alta
1099 1974 1131 2036 ct
1158 1966 1230 2047 14¹b
1254 1987 1313 2032 cm.

162 2072 229 2137 lata
251 2073 291 2134 23
315 2075 499 2138 constanter
523 2089 633 2136 versus
657 2069 831 2154 excipiunt,
855 2071 984 2137 saeculo
1000 2071 1061 2137 XV
1084 2077 1233 2138 exaratus
1256 2076 1314 2155 ost,

161 2194 232 2240 cum
257 2172 456 2258 compendiis
478 2170 545 2238 fere
567 2177 683 2238 careat.
728 2170 878 2237 Continet
906 2174 946 2235 26
975 2175 1199 2256 quaterniones
1230 2181 1315 2240 octo·

160 2297 274 2342 norum
296 2277 455 2358 foliorum,
479 2275 686 2358 quaternione
709 2274 822 2358 primo,
852 2275 907 2357 qui
934 2279 970 2340 10
993 2275 1081 2361 folia,
1105 2283 1137 2341 et
1159 2277 1313 2342 vicesimo

161 2379 283 2462 quinto,
307 2379 362 2462 qui
384 2383 509 2460 septem
532 2376 611 2443 folia
633 2375 741 2460 habet,
772 2377 926 2459 exceptis.
972 2374 1104 2442 Constat
1132 2377 1229 2460 igitur
1251 2380 1313 2443 209

160 2481 262 2563 loliis,
296 2500 428 2564 quorum
459 2480 522 2546 duo
552 2486 695 2545 extrema
724 2479 881 2562 scriptura
911 2483 1036 2544 vacant.
1081 2476 1314 2555 Quaternioues

161 2583 310 2649 librarius
333 2583 365 2646 in
381 2583 531 2648 inferiore
546 2581 696 2648 foliorum
712 2581 856 2664 margine
872 2580 987 2646 litteris
1002 2581 1127 2664 graecis
1143 2581 1314 2664 ordinavit,

160 2686 277 2769 quibus
299 2683 456 2750 interdum
480 2684 604 2750 numeri
626 2684 748 2750 arabici
770 2684 803 2748 in
826 2683 976 2748 inferiore
991 2683 1111 2765 angulo
1127 2681 1242 2750 dextro
1257 2684 1315 2750 ad-

161 2787 222 2853 diti
243 2787 448 2871 respondent.
486 2786 619 2852 Numeri
637 2786 786 2870 denique,
810 2786 925 2869 quibus
941 2784 1190 2869 unumquodque
1204 2786 1314 2852 folium

161 2890 373 2974 significatum
405 2894 463 2971 est,
497 2894 611 2972 postea
638 2890 670 2954 iu
700 2889 863 2973 superiore
894 2887 1012 2970 angulo
1042 2887 1156 2955 dextro
1184 2890 1315 2972 plumbo

160 2992 316 3076 adscripti
339 2997 420 3058 sunt.
458 2991 494 3056 ln
511 2991 613 3074 primo
631 2992 751 3059 codicis
767 2992 845 3058 folio
862 2989 942 3057 baec
957 2990 1122 3072 leguntur:
1145 2990 1315 3068 „Galterus

159 3095 335 3161 Grauerius
359 3093 443 3160 bunc
465 3094 580 3159 librum
609 3114 667 3160 suo
696 3095 758 3160 sibi
786 3095 855 3160 iure
884 3091 1058 3176 vindicat¹‘‚
1087 3111 1171 3176 quae
1200 3113 1316 3176 graece

162 3203 328 3264 vertuntur
361 3198 467 3264 verbis
500 3217 584 3263 nunc
617 3197 823 3264 oblitteratis:
858 3191 1043 3279 „yoluppdg
1076 3217 1094 3258 ο
1125 3193 1315 3275 (deletumlt

160 3299 344 3386 γραοήριος
366 3296 489 3384 ταστὴν
513 3296 571 3385 τὴν
593 3295 711 3382 βιβλδν
734 3296 842 3382 {ausui
866 3293 1153 3381 ντροσλαμβάνει.“

249 3419 427 3488 Duodecim
443 3420 613 3503 orationes,
630 3439 710 3503 quas
726 3417 830 3486 codex
846 3416 960 3484 eodem
973 3417 1084 3484 ordine
1103 3423 1201 3502 atquc
1213 3415 1317 3483 codex

162 3525 335 3592 Vaticanus
359 3527 398 3586 A
413 3522 564 3605 continet,
587 3522 619 3587 in
644 3519 694 3588 his
717 3521 844 3605 paginis
867 3521 993 3586 initium
1008 3521 1153 3606 capiunt:
1178 3516 1317 3603 λοοκρά-

160 3650 240 3704 τους
269 3624 409 3711 ῥήτορος
440 3623 539 3708 λόγος
569 3621 811 3707 παραινετικδς
845 3621 932 3705 πρὸς
967 3621 1148 3706 δημόνικον
1181 3624 1316 3704 πρῶτος

160 3730 182 3795 f.
210 3733 248 3794 1⁸.
272 3763 313 3774 ·-
337 3725 537 3811 ἰσοκρότοος
560 3723 701 3812 ῥήτορος
730 3722 818 3808 πρὸς
849 3724 1002 3789 νικοκλέα
1032 3726 1112 3809 περὶ
1140 3721 1317 3807 βασιλείας

161 3829 261 3914 λόγος
286 3827 440 3914 δεύτερος
464 3831 485 3896 f.
513 3834 572 3896 11¹.
604 3864 641 3874 -
673 3827 828 3912 νικοκλῆς
852 3820 872 3912 ἢ
896 3825 1103 3908 συμμαχικός
1133 3827 1154 3892 f.
1178 3829 1241 3892 21¹.
1276 3861 1315 3870 -

161 3930 391 4019 πανηγυρικὸς
412 3929 512 4015 λόγος
539 3936 698 4016 τέταρτος
727 3931 747 3997 f.
772 3935 833 3996 34¹.
865 3966 903 3976 -
933 3927 1049 4016 ἑλένης
1078 3927 1242 4013 ἐγκώμιον
1272 3928 1317 4006 (in
1405 3935 1407 3939 ’
1494 3907 1517 3954 ’ἓ

162 4057 227 4119 mg.
251 4031 422 4118 σεμπτός)
444 4036 465 4101 f.
490 4039 552 4100 74¹.
588 4069 625 4078 -
662 4030 825 4117 εὐαγόρας
853 4033 874 4099 f.
900 4034 962 4098 87¹.
997 4069 1038 4080 —
1071 4029 1235 4114 ἐγκώμιον
1267 4029 1316 4106 εἰς

159 4137 316 4223 βοόσιριν
339 4138 359 4202 f.
387 4132 468 4204 10:3¹³.
492 4136 633 4202 -κατὰ
656 4143 720 4201 τῶν
744 4140 916 4220 σοφιστῶν
938 4132 959 4201 f.
980 4139 1059 4201 113¹.
1076 4171 1117 4181 -·
1133 4129 1317 4206 πλαταικός

214 4247 326 4303 Iolpziger
340 4245 441 4290 Studlen.
455 4245 530 4290 xvu.
1148 4239 1164 4288 4
