3270 4968
312 377 352 436 26
735 373 916 444 ΕιιρεΙοετταο
934 375 1040 447 Drcrup

312 555 366 629 (=
388 551 440 630 A)
470 549 546 617 edit.
594 551 664 615 142.
695 547 826 628 sinopes
855 546 1054 629 βουλόμεθα
1084 552 1144 614 ΓΔ
1169 569 1227 634 pr.,
1257 547 1356 632 e't'rrcp
1384 553 1468 630 βου-

311 651 446 734 λόμεθα
468 672 548 719 corr.
572 655 590 718 3
614 653 667 728 (=
683 657 733 728 Λ)
756 651 833 718 edit.

317 809 319 814 .
398 753 522 822 (leteris
552 755 648 838 locis,
684 754 799 838 quibus
828 753 992 836 ingenium
1020 753 1177 836 exercuit,
1207 752 1367 837 superflue
1396 774 1465 822 cor-

311 857 446 925 rectoris
468 877 599 924 munere
621 854 747 924 functus
770 861 828 937 est,
857 873 963 938 neque
985 855 1092 923 lacere
1113 874 1256 939 possum,
1279 856 1356 939 quin
1378 854 1467 923 dori-

312 960 433 1043 legium
456 960 686 1027 correctionum
709 956 762 1026 hic
784 957 918 1024 addam:

398 1078 430 1144 II
446 1081 496 1144 49.
513 1074 715 1168 ἅκουστοῠςς
728 1072 894 1152 ἆκουοτὸς
905 1080 938 1140 A
946 1096 1004 1161 pr.,
1020 1072 1188 1156 ἀκουστὰς
1200 1098 1279 1146 corr.
1294 1082 1312 1144 3
1328 1077 1466 1158 (Cobet).

398 1197 443 1264 IV
473 1203 522 1263 57.
554 1187 674 1282 ἥττους
711 1187 819 1260 oiseis
855 1199 888 1259 A
921 1218 979 1284 pr.,
1018 1195 1138 1281 ἥττους
1175 1193 1277 1262 αὐτοῦ
1315 1218 1394 1265 corr.
1433 1201 1465 1264 3,

314 1301 364 1364 68.
388 1298 581 1378 νομίζοντες
604 1320 665 1367 om.
689 1306 720 1363 A
741 1319 799 1383 pr.,
824 1297 1001 1376 δοκοῦντες
1023 1301 1057 1365 in
1079 1320 1141 1384 mg.
1165 1299 1240 1367 add.
1266 1303 1294 1366 3.

399 1419 476 1484 VIII
498 1422 548 1485 21.
573 1417 843 1499 ὑποδεχομένους
872 1423 905 1483 A
931 1439 990 1504 pr.,
1024 1416 1295 1500 ἀποδεχομένους
1324 1438 1403 1484 corr.
1434 1419 1465 1484 3.

314 1521 365 1586 88.
389 1523 556 1603 φρατρίας
585 1524 617 1585 A
643 1540 701 1604 pr.,
737 1526 883 1604 φατρίας
911 1541 991 1588 corr.
1021 1523 1049 1587 3.
1103 1524 1173 1586 120.
1201 1511 1246 1583 ὦν
1275 1523 1307 1584 A
1331 1540 1390 1604 pr.,
1423 1513 1467 1596 ἃς

314 1643 394 1688 corr.
412 1625 440 1687 3.
478 1625 548 1688 134.
562 1615 688 1701 ὁμοίως
705 1617 820 1702 ὥσπερ
837 1627 887 1687 A:
906 1617 1104 1707 ὃμοίιυοντερ
1121 1627 1152 1685 Γ
1148 1625 1181 1686 A
1192 1642 1251 1706 pr.,
1275 1644 1340 1704 περ
1357 1621 1420 1688 del.
1434 1624 1465 1688 3.

402 1724 492 1804 Quae
515 1745 586 1792 cum
609 1725 656 1790 ita
678 1725 751 1807 sint,
774 1729 874 1790 totum
898 1724 1044 1792 codicem
1066 1731 1216 1791 excutere
1238 1724 1318 1789 nihil
1335 1726 1465 1791 attinet.

436 1928 573 1996 Codex
595 1930 889 1995 Ambrosianus
912 1927 950 1996 0.
977 1933 1037 1994 144
1060 1932 1135 2008 (nou
1158 1932 1232 2009 244)
1249 1931 1343 1994 =E.

399 2066 531 2132 Praeter
553 2064 697 2130 codicem
720 2064 908 2132 Urbinatcm
931 2065 1035 2132 codex
1053 2066 1283 2133 Ambrosianus
1306 2069 1335 2130 E
1356 2066 1467 2148 magni

314 2167 551 2248 aestimabatur,
581 2166 636 2250 qui
665 2166 876 2249 bombycinus
898 2168 1028 2234 saeculo
1050 2167 1113 2232 XV
1133 2167 1255 2234 ineunti
1278 2169 1467 2235 tribuendus

314 2268 451 2335 videtur.
496 2268 594 2336 Cuius
617 2268 703 2335 foliis
719 2271 792 2352 275,
815 2287 899 2352 quae
921 2272 961 2336 23
970 2269 1002 2350 ¹i²
1027 2290 1087 2337 cm.
1111 2271 1187 2353 alte,
1213 2271 1292 2346 16¹l2
1316 2290 1376 2336 cm.
1398 2271 1468 2337 lata

314 2377 495 2440 constanter
524 2374 561 2435 31
588 2389 699 2436 versus
729 2371 904 2455 excipiunt,
934 2370 1109 2438 secundum
1138 2373 1265 2438 titulum
1295 2371 1468 2448 ,Isocratis

314 2474 474 2540 orationes
508 2480 540 2540 et
573 2473 745 2558 epistolae,
782 2472 934 2540 Aristidis
967 2475 1127 2540 orationes
1160 2475 1292 2558 aliquot,
1326 2493 1467 2541 canones

313 2575 552 2659 apostolorum“
575 2573 785 2641 continentur.
830 2576 893 2640 205
915 2575 995 2641 folia
1016 2583 1123 2642 autem
1139 2576 1289 2644 Isocratis
1305 2576 1467 2644 orationes

314 2683 346 2744 et
375 2677 529 2759 epistulas
557 2676 723 2758 praebent,
753 2697 837 2760 quae
867 2677 1003 2743 eundem
1033 2684 1130 2760 atque
1158 2677 1263 2744 codex
1292 2678 1466 2746 Vaticanus

315 2778 459 2845 ordinem
482 2783 667 2861 sequuntur,
697 2798 834 2861 quocum
866 2779 970 2846 codex
993 2779 1224 2846 Ambrosianus
1250 2781 1348 2846 etiam
1370 2783 1466 2846 orati·

316 2880 430 2947 onibus
452 2880 486 2944 in
508 2878 701 2963 Euthynum,
725 2881 758 2944 in
781 2880 1025 2963 Callimachum,
1056 2881 1097 2947 dc
1120 2882 1204 2964 bigis
1235 2883 1362 2950 omissis
1391 2902 1467 2948 con·

315 2981 412 3050 venit.
468 2980 632 3048 Foliorum
669 3002 819 3049 numeros
853 2983 1038 3050 exscribere
1074 2984 1188 3050 inutile
1220 2983 1356 3069 videtur,
1393 3004 1467 3050 cum

314 3085 481 3171 paululum
504 3085 758 3152 lucrationibus
782 3084 913 3168 quidem
936 3105 1007 3152 cum
1032 3084 1145 3152 codice
1167 3085 1323 3152 Vaticano
1346 3085 1467 3154 discre-

313 3193 406 3271 pent;
440 3187 649 3270 epistularum
678 3193 786 3253 autem
815 3189 847 3252 in
878 3187 949 3253 cod.
972 3188 1043 3254 Vat.
1067 3185 1239 3254 Themistii
1268 3188 1467 3256 orationibus

315 3287 544 3355 disiunctarum
566 3289 689 3355 numeri
714 3291 894 3373 comparari
916 3309 980 3355 non
1002 3294 1144 3373 possunt.

400 3409 478 3474 Post
503 3407 614 3474 folium
638 3399 775 3475 vacuum
798 3410 998 3475 interiectum
1021 3408 1101 3474 lolia
1123 3409 1289 3473 207-271
1314 3408 1469 3477 Aristidis

314 3510 477 3577 orationes
511 3529 581 3576 cum
617 3509 748 3578 scholiis
781 3511 1050 3595 complectuntur,
1085 3511 1200 3594 quibus
1233 3511 1266 3576 in
1299 3511 1321 3576 f.
1350 3512 1468 3588 272l74

313 3608 474 3688 ,κανόνες
507 3616 573 3675 τῶν
610 3610 711 3696 ἱερῶν
744 3613 801 3678 καί
835 3616 943 3678 θείων
977 3608 1199 3677 ἀποοτόλων“
1231 3612 1352 3678 adnexi
1379 3619 1470 3696 suut;

313 3714 411 3780 totius
434 3712 555 3781 codicis
577 3713 674 3782 finem
696 3715 774 3784 tacit
788 3715 809 3780 l.
826 3717 898 3800 275,
923 3714 1010 3798 quod
1025 3715 1057 3781 in
1073 3722 1165 3798 parte
1180 3734 1296 3781 aversa
1310 3714 1467 3782 lsocratc·

313 3835 403 3881 arum
420 3817 597 3882 orationum
615 3819 887 3902 epistularumque
902 3816 1041 3884 indicem
1056 3816 1198 3883 exbibet.
1232 3817 1343 3882 Trium
1358 3821 1468 3882 autem

316 3918 437 3985 codicis
448 3920 598 4003 partium,
614 3920 775 4003 Isocratis,
791 3919 953 4002 Aristidis,
970 3939 1127 3986 canonum
1139 3919 1262 3985 librarii
1275 3915 1468 3998 seiungendi

315 4028 396 4106 sunt,
427 4040 620 4104 quamquam
644 4023 842 4107 temporibus
866 4020 952 4088 haud
974 4022 1107 4087 multum
1131 4021 1268 4088 diversis
1291 4017 1468 4087 addicendi

311 4123 468 4193 videntur.
