3318 4970
323 363 363 421 56
746 361 886 429 Augustus
903 361 1055 416 Junemann

323 557 388 603 non
412 537 501 620 prins
524 535 646 602 bellare
669 535 816 618 desiisse,
846 553 943 618 quam
973 536 1070 602 etiarn
1092 534 1125 600 in
1148 532 1282 601 Chattos
1305 553 1418 602 severe
1440 555 1481 602 ao

218 715 236 733 ⁶
324 637 532 706 vehementer
546 637 837 704 animadvertisset.
875 636 1003 702 Deinde
1018 635 1053 702 id
1068 655 1196 720 quoqne
1211 635 1481 702 considerandum

325 746 384 823 est,
407 739 628 806 Domitianum
649 759 734 805 anno
758 740 807 803 89.
831 738 948 804 totiens
968 739 1195 822 imperatorem
1210 738 1443 805 consalutatum
1457 742 1480 815 ¹)

325 861 407 925 esso,
431 842 579 924 quotiens
601 839 672 906 fieri
694 860 758 907 non
779 841 894 924 potuit,
916 840 980 906 nisi
1003 858 1058 905 eas
1080 840 1328 907 acclamationes
1342 841 1480 924 impera·

323 945 423 1010 turias
446 943 488 1009 ad
517 962 569 1009 res
598 961 671 1007 cnm
700 943 733 1008 in
763 943 868 1008 Dacia
897 947 964 1007 tum
993 941 1027 1006 in
1054 939 1229 1008 Germania
1256 942 1338 1008 hene
1371 949 1481 1026 gestas

322 1046 483 1128 pertinere
505 1045 761 1127 interpretamur.

408 1145 532 1224 Quibus
565 1146 661 1212 rebus
694 1145 863 1229 perpensis
900 1145 1021 1228 optime
1055 1144 1270 1228 expediuntur
1303 1166 1359 1228 ea,
1397 1165 1482 1229 quae

324 1249 455 1315 tradunt
476 1247 650 1314 Suetonius
673 1267 703 1313 v.
728 1247 822 1313 Dom.
847 1249 882 1311 6:
902 1239 1120 1314 ‘Domitianus
1143 1246 1185 1312 de
1200 1248 1302 1315 (battis
1316 1248 1481 1338 Dacisque

323 1356 398 1433 post
420 1350 512 1416 varia
532 1349 659 1433 proelia
681 1348 844 1432 duplicem
868 1347 1063 1431 triumphum
1087 1341 1187 1432 egit'3
1212 1356 1244 1417 et
1265 1350 1482 1434 Hieronymus

322 1471 352 1516 a.
381 1451 459 1516 Ahr.
488 1449 758 1532 2106=8uluoz
789 1443 1006 1516 ‘Domitianus
1040 1449 1082 1516 de
1115 1452 1213 1518 Dacis
1247 1458 1280 1518 et
1311 1451 1483 1518 Germanis

322 1543 561 1636 triumphavit';
585 1559 618 1619 et
632 1552 709 1617 Aur.
725 1552 845 1634 Victor,
869 1550 961 1617 Caes.
980 1556 1029 1634 11,
1046 1556 1083 1635 4;
1103 1546 1216 1620 ‘Dacis
1239 1559 1271 1619 et
1293 1552 1482 1619 Chattorum

322 1675 420 1720 manu
442 1645 609 1720 devictis'.
647 1654 793 1736 Itemque
815 1654 914 1719 variis
937 1654 1017 1720 locis
1039 1653 1174 1721 Chattos
1197 1674 1261 1720 una
1287 1675 1360 1721 cum
1383 1655 1482 1721 Dacis

322 1756 444 1822 Statius
468 1762 501 1821 et
521 1755 678 1820 Martialis
701 1762 960 1840 commemorant,
992 1775 1072 1839 quos
1105 1776 1144 1822 eo
1174 1756 1278 1840 magis
1301 1757 1481 1823 audiendos

324 1878 395 1926 esse
417 1877 544 1940 censeo,
567 1856 654 1940 quod
677 1856 822 1924 eiusdem
844 1858 913 1924 lere
934 1858 1050 1923 aetatis
1073 1861 1203 1935 etanta>

410 1960 461 2024 Ex
472 1979 534 2042 quo
551 1958 686 2026 efficitur
698 1959 916 2026 Domitianum
933 1964 965 2026 et
980 1978 1052 2025 cum
1067 1959 1166 2026 Dabis
1182 1964 1214 2025 et
1229 1979 1301 2026 cum
1313 1958 1482 2026 Germanis

326 2061 440 2128 eodem
469 2067 614 2146 tempore
644 2062 765 2127 bellum
795 2062 934 2144 gessisse
967 2067 1065 2144 atque
1098 2063 1195 2127 utin
1225 2061 1330 2127 Dacia
1361 2063 1408 2127 ita
1439 2061 1483 2127 ad

325 2163 474 2230 Rhenum
507 2184 576 2229 rem
605 2183 759 2248 prospere
789 2164 935 2230 cessisse.
968 2198 1010 2208 —
1043 2161 1135 2241 Quae
1164 2169 1272 2229 tamen
1300 2183 1353 2230 res
1381 2165 1482 2230 altero

324 2266 411 2332 bello
427 2265 620 2330 Germanico
644 2271 754 2346 gestae
770 2265 843 2346 sint,
867 2265 1052 2346 singulatim
1069 2283 1232 2348 exponere
1250 2285 1387 2349 nequeo,
1410 2286 1483 2332 cum

324 2368 366 2434 de
390 2387 429 2432 eo
457 2385 563 2450 neque
592 2385 700 2433 rerum
728 2366 902 2449 scriptores
930 2366 1121 2433 tradiderint
1148 2385 1254 2451 neque
1287 2368 1372 2433 tituli
1405 2368 1483 2434 certi

325 2470 502 2554 quidquam
524 2469 719 2552 praebeant;
741 2473 839 2551 atque
861 2467 895 2532 id
918 2474 1041 2534 tantum
1064 2474 1189 2535 constat
1210 2469 1331 2534 bellum
1346 2471 1484 2536 feliciter

324 2579 484 2656 patratum
509 2589 589 2636 esee.
614 2607 654 2618 -

415 2671 538 2749 Quibus
549 2672 646 2738 rebus
659 2672 816 2755 expositis
827 2670 909 2736 nihil
921 2671 1010 2736 aliud
1023 2677 1132 2753 restat,
1146 2672 1209 2737 nisi
1220 2677 1255 2738 ut
1265 2673 1483 2756 anquiramns,

326 2773 487 2857 quomodo
515 2773 720 2839 Domitianus
749 2773 868 2839 milites
897 2772 1084 2856 seditiosos,
1113 2773 1274 2855 legionem
1303 2774 1390 2840 XIV.
1421 2775 1483 2842 oe-

326 2874 444 2939 minam
467 2881 500 2940 et
520 2873 611 2939 XXI.
631 2875 806 2958 Rapacem,
829 2876 1024 2941 tractaverit.
1057 2873 1093 2940 Si
1115 2893 1199 2957 quae
1221 2881 1317 2941 antea
1338 2877 1484 2960 legiones

326 2976 401 3041 tabe
423 2974 592 3042 seditionis
614 2977 751 3042 infectae
767 2983 823 3042 aut
837 2978 902 3043 alio
919 2975 1077 3044 eiusmodi
1092 2977 1215 3043 scelere
1230 2979 1484 3046 commaculatae

329 3084 429 3153 erant,
446 3079 492 3142 ita
506 3077 639 3160 punitae
654 3085 737 3161 sunt,
760 3084 795 3144 ut
809 3077 982 3144 deterrima
997 3097 1143 3162 quaeque
1159 3079 1256 3161 plane
1272 3077 1485 3147 dimitteretur

328 3180 438 3262 itaque
466 3198 584 3245 nomen
613 3181 808 3246 maculatum
831 3181 1096 3264 exstingueretur.
1140 3179 1239 3246 Porro
1263 3199 1334 3247 eam
1357 3202 1485 3266 quoque

412 3351 435 3412 l)
453 3346 586 3402 Nimirum
598 3345 780 3415 riu-xxi,
799 3348 834 3402 cl.
847 3346 1034 3414 Friedlander‚
1052 3347 1148 3403 Philol.
1168 3351 1209 3402 26.
1228 3350 1316 3414 (1867)
1332 3364 1360 3417 p.
1374 3353 1487 3416 44-80,

324 3431 438 3486 maxime
455 3449 482 3502 p.
502 3436 544 3487 53.

412 3519 438 3582 2)
457 3517 492 3571 cl.
510 3517 632 3582 Asbach‚
647 3511 769 3572 ‘Bonner
785 3511 908 3574 Jahrbb.'
927 3523 957 3573 81
977 3535 1005 3588 p.
1024 3523 1058 3573 44
1069 3533 1136 3588 sqq,
1160 3517 1207 3587 qui
1229 3517 1263 3572 de
1287 3515 1401 3584 singulis
1417 3517 1486 3574 locis

327 3607 457 3656 accurata
476 3601 613 3670 disputat3
632 3607 774 3671 praetcrea
790 3604 852 3658 loco
869 3603 1039 3672 potissimum
1057 3603 1168 3658 Taciteo
1186 3603 1288 3670 (Agric.
1301 3605 1345 3667 41)
1361 3602 1487 3656 innititur

326 3688 410 3749 recte,
428 3689 460 3739 ut
476 3686 587 3754 opinor:
601 3681 655 3743 ‘tot
671 3690 806 3743 exercitus
823 3687 853 3741 in
864 3687 970 3742 Moesia
986 3689 1126 3759 Daciaque
1141 3692 1170 3742 ct
1181 3687 1327 3742 (lemania
1338 3691 1367 3742 et
1377 3688 1485 3742 Panno·

327 3770 374 3825 nia
391 3771 545 3826 temeritate
562 3778 611 3826 aut
627 3789 677 3842 per
694 3774 827 3841 ignaviam
845 3773 945 3827 ducum
962 3773 1063 3840 amissi,
1089 3777 1131 3828 tot
1147 3773 1277 3827 militares
1294 3772 1348 3826 vici
1365 3788 1428 3827 cum
1445 3779 1487 3826 tot

327 3855 487 3909 cohortibus
505 3858 653 3925 expugnati
670 3862 698 3911 et
720 3859 805 3927 capti;
829 3873 880 3912 nec
904 3857 958 3911 iam
976 3858 1009 3912 de
1026 3858 1111 3912 limite
1126 3857 1233 3927 imperii
1251 3860 1279 3912 et
1295 3855 1363 3925 ripa,
1388 3857 1436 3911 sed
1453 3857 1486 3912 de

328 3939 451 3994 hibernis
475 3940 609 4008 legionum
633 3948 660 3996 et
676 3943 848 4011 possessione
866 3936 1036 3998 dubitatum?
1071 3942 1129 4010 Quo
1147 3943 1208 3997 loco
1225 3941 1308 3996 rerba
1326 3937 1376 3995 ‘in
1402 3940 1485 3996 Ger-

326 4018 456 4079 mania'
479 4031 506 4078 et
527 4022 585 4080 ‘de
603 4027 716 4082 limite
733 4020 884 4096 imperii'
903 4028 938 4082 ad
955 4029 1071 4083 alterum
1088 4027 1189 4083 bellum
1206 4026 1359 4081 Chatticum
1376 4025 1486 4081 seditio·

328 4123 443 4178 nemque
460 4110 643 4166 Antonianum
662 4115 787 4180 spectare
804 4112 937 4167 videntur.
