3318 4970
295 364 334 424 48
706 367 844 434 Augustus
862 363 1014 420 Juuemann

293 542 403 621 palam
426 536 535 621 luisse,
560 557 631 604 cum
655 537 739 603 aliae
763 537 907 620 legiones
930 538 1012 605 alias
1034 538 1183 622 regiones
1206 538 1249 605 ad
1265 540 1447 608 inferiorem

293 637 440 705 Rhenum
463 641 542 707 sitas
564 646 718 724 pacarent
739 645 837 721 atque
852 639 1022 722 munirent,
1045 641 1114 706 veri
1131 648 1180 708 est
1201 641 1410 708 simillimum.
1425 646 1449 720 ¹)

294 740 360 808 Sed
389 742 534 826 profecto
567 741 803 824 gravissimum,
837 761 899 824 quo
922 739 1097 807 Aemilium
1130 742 1303 826 Ritterling
1332 744 1448 810 falsum

295 863 366 912 esse
389 843 634 924 demonstratur,
659 848 708 909 est
729 840 819 924 illud,
844 842 930 925 quod
953 844 1019 908 alia
1040 851 1254 926 monumenta,
1278 864 1362 928 quae
1384 865 1449 912 nna

295 965 366 1011 cum
389 946 463 1012 aliis
486 944 668 1027 legionibus
695 945 848 1028 posuerit,
880 945 913 1009 in
940 943 1125 1027 lapicidinis
1154 946 1259 1027 vallis,
1289 967 1373 1031 quac
1401 955 1450 1015 est

292 1067 395 1132 prope
418 1046 573 1131 oppidum
596 1044 705 1128 Brohl,
737 1047 833 1131 plane
856 1044 1080 1113 desiderantur
1089 1048 1126 1130 ²),
1149 1068 1221 1114 eum
1244 1069 1264 1114 a
1286 1049 1447 1115 vexillati-

295 1149 410 1216 onibus
434 1148 575 1215 omnium
591 1147 785 1214 Germaniae
807 1147 967 1214 inferioris
983 1148 1148 1230 legionum
1163 1150 1237 1216 illas
1252 1149 1447 1234 lapicidinas

294 1251 453 1318 exercitas
477 1270 547 1318 esse
570 1255 703 1332 constet,
733 1255 768 1315 ut
796 1249 953 1334 legiones,
983 1250 1104 1334 quippe
1130 1271 1213 1334 quae
1244 1252 1303 1318 sub
1333 1251 1448 1320 codem

292 1353 401 1436 legato
423 1353 608 1434 militarent,
633 1357 767 1419 cunctae
789 1371 863 1420 aras
885 1350 1083 1418 dedicarent.
1095 1354 1119 1429 ³)

379 1453 439 1521 His
463 1455 561 1538 igitur
581 1453 778 1536 argumentis
801 1472 840 1519 ao
857 1453 1035 1520 rationibus
1050 1460 1197 1520 vetamur
1211 1463 1353 1523 statuere
1368 1457 1448 1540 legi·

294 1576 387 1622 onem
417 1556 510 1622 XXI.
540 1557 703 1639 Rapacem
734 1555 820 1621 bello
849 1555 1045 1622 Batavorum
1075 1557 1221 1623 confecto
1253 1556 1374 1625 diutius
1406 1558 1449 1624 ad

294 1659 478 1725 inferiorern
501 1658 647 1725 Rhenum
670 1658 872 1725 remansisse.
917 1658 1030 1742 Immo,
1059 1664 1093 1724 ut
1122 1678 1279 1726 summam
1301 1661 1348 1726 rei
1377 1680 1448 1745 pro·

293 1780 429 1845 ponam,
462 1761 554 1827 initio
584 1762 655 1844 ipso
685 1762 753 1826 eius
782 1761 915 1844 aetatis,
950 1779 1014 1843 qua
1043 1761 1213 1846 imperium
1243 1761 1286 1828 ad
1316 1763 1448 1830 Flavios

293 1863 397 1946 venit,
434 1881 505 1929 eam
539 1863 573 1928 in
606 1862 750 1929 bibernis
779 1862 1092 1946 Mogontiacensibus
1126 1863 1317 1930 collocatam
1349 1864 1449 1931 fuisse

293 1962 429 2032 officitur
450 1963 501 2031 bis
524 1965 565 2032 dc
589 1965 702 2032 causis.
1338 2038 1346 2048 ,

377 2066 574 2150 Mogontiaci
597 2071 725 2149 reperta
747 2073 820 2133 sunl
848 2067 950 2134 multa
971 2072 1003 2132 et
1025 2066 1118 2132 varia
1141 2071 1345 2133 monumenta
1367 2066 1447 2147 legl-

294 2169 374 2252 onis,
404 2188 475 2234 curn
499 2169 583 2234 tituli
607 2175 673 2235 tum
696 2170 835 2252 togulae,
865 2168 1151 2252 quas-,maximum
1181 2174 1376 2234 momentum
1404 2164 1448 2230 ad

292 2270 456 2353 legionum
490 2270 645 2336 stationes
682 2269 924 2352 cognoscendas
957 2270 1073 2338 afferre
1108 2274 1248 2350 constat;
1282 2268 1380 2333 etiam
1414 2266 1448 2330 in

292 2372 408 2439 vicinis
423 2372 503 2439 locis
519 2371 692 2438 nonnullae
708 2372 838 2455 tegulae
854 2370 992 2439 effossae
1008 2378 1090 2454 sunt,
1115 2376 1148 2436 ut
1164 2371 1197 2434 in
1213 2368 1334 2454 oppido
1350 2365 1449 2447 Nied,

291 2473 425 2557 Hbcbst,
448 2471 610 2558 Hofbeim,
633 2473 736 2557 Aquis
758 2472 930 2557 Mattiacis,
953 2472 1155 2540 Neuenheim
1178 2473 1291 2554 (prope
1314 2468 1448 2535 Heidel-

292 2575 446 2659 bergam).
491 2577 542 2641 Ex
565 2596 629 2660 quo
651 2576 815 2659 legionem
838 2576 870 2640 in
892 2574 1050 2642 aedificiis
1080 2575 1123 2641 ad
1143 2593 1246 2650 -usum
1275 2570 1450 2638 militarem

294 2677 497 2743 exstruendis
529 2684 718 2762 occupatam
747 2675 948 2759 aliquamdiu
977 2679 1042 2744 illis
1071 2677 1152 2744 locis
1173 2678 1344 2767 rmoratam
1379 2687 1453 2736 esse

291 2778 496 2862 perspicuum
520 2783 577 2844 est.
623 2776 804 2861 Quodque
834 2779 961 2846 facilius
984 2779 1217 2862 intellegamus
1234 2794 1284 2842 res
1312 2771 1453 2854 legionis

292 2878 434 2945 breviter
457 2897 627 2961 exponam.
673 2879 774 2962 Legio
799 2880 894 2961 enim,
925 2898 1008 2962 quae
1038 2879 1137 2946 initiis
1166 2853 1372 2965 principatus
1395 2871 1454 2937 sub

291 2979 452 3046 inferioris
480 2980 667 3063 provinciae
685 2980 793 3062 legato
809 2980 923 3062 luerat,
945 2979 1022 3045 inde
1044 2979 1208 3047 aclaudii

291 3081 334 3147 ad
356 3101 475 3148 annum
498 3085 549 3147 69.
573 3082 605 3146 in
629 3081 803 3148 Germania
825 3083 990 3166 superiore
1013 3088 1118 3148 castra
1141 3081 1269 3163 habuit,

376 3339 402 3400 1)
423 3335 457 3390 cf.
476 3336 542 3390 Tac.
561 3334 623 3390 bist.
643 3333 676 3389 V.
698 3339 729 3390 14
741 3349 799 3404 sqq.

379 3423 404 3487 3)
420 3421 454 3475 In
472 3436 522 3476 ara
539 3421 685 3490 praecipue
696 3420 809 3476 Herculi
821 3420 958 3476 Saxanoa
975 3421 1126 3490 legionibus
1139 3421 1186 3477 VI.
1199 3416 1307 3475 Victric
1339 3453 1345 3478 ,
1391 3451 1398 3466 .
1454 3439 1464 3450 -

291 3506 373 3572 mina,
392 3505 480 3561 XXII.
494 3507 656 3574 Primigenia
673 3506 798 3560 dedicata
815 3505 884 3574 legio
903 3506 1080 3561 desideratur.
1099 3505 1135 3560 cf.
1155 3505 1264 3560 Bramb.
1287 3503 1323 3556 66
1359 3495 1466 3566 ;etism

293 3595 351 3647 662.
372 3595 431 3646 679.
451 3595 509 3646 680.
546 3592 649 3660 Quibus
674 3591 707 3646 de
731 3591 817 3646 titulis
841 3595 970 3647 accurate
993 3591 1120 3647 disseruit
1135 3591 1316 3647 Frendenber
1368 3582 1397 3637 in
1414 3581 1468 3636 1100

290 3675 396 3732 libello:
421 3671 491 3731 ‘Das
510 3677 645 3732 Denkmal
667 3677 715 3733 des
733 3677 866 3733 Hercules
883 3677 1008 3732 Saxanns
1025 3678 1062 3731 im
1080 3677 1230 3741 Brobltbal,
1255 3674 1334 3730 Fest'
1363 3683 1415 3738 τεν.
1433 3682 1470 3719 2¹1

291 3761 517 3818 Winckelmanns
536 3756 719 3830 Geburtstag'.
741 3766 815 3818 1863.
834 3779 862 3832 p.
876 3766 918 3832 23,
937 3763 981 3818 cui
999 3763 1080 3832 plane
1098 3763 1238 3818 assentior.
1274 3758 1325 3814 Ali
1343 3762 1383 3812 ter
1399 3751 1471 3806 iudi·

292 3853 338 3903 eat
354 3847 514 3916 Mommsen,
528 3842 617 3903 ‘Rom
638 3841 746 3904 dasch?
764 3848 789 3904 V
807 3865 834 3919 p.
856 3852 903 3903 133
921 3849 985 3902 adn.
1005 3854 1029 3903 1.

378 3936 404 4000 3)
423 3933 554 3988 Fortasse
573 3935 696 3989 conicere
713 3933 778 3989 licet
795 3934 927 4000 legionem
939 3933 1014 3989 XXI.
1026 3933 1164 4003 Rapacem
1182 3939 1240 3987 tum
1253 3947 1288 4002 qu
1332 3939 1392 3998 que,
1411 3937 1473 3977 ⁰¹1¹ss

293 4019 390 4073 castris
403 4018 670 4088 Mogontiacensibus
688 4019 816 4089 imposita
827 4023 876 4084 est,
889 4019 1076 4074 vexillationes
1088 4020 1116 4074 in
1128 4019 1272 4074 lautumias

291 4105 404 4171 misisse,
422 4105 582 4174 praesertim
600 4120 661 4161 cum
679 4120 727 4160 eae
740 4104 901 4162 Germaniae
916 4105 1064 4174 superioris
1081 4104 1181 4160 finibus
1199 4105 1273 4160 inclu
1315 4099 1439 4165 orantur.
