3318 4970
447 390 489 444 De
506 388 611 458 legione
628 388 813 446 Romanorum
829 389 852 446 1.
870 390 1019 447 Adiutrice.
1268 391 1308 450 Ti

159 563 284 630 titulum
317 561 361 629 ad
394 581 466 628 eam
496 561 657 646 pertinere
690 561 894 630 manifestum
928 571 986 629 est.
1036 565 1148 632 Annus
1182 583 1310 649 quoque

158 663 253 730 facile
276 683 317 729 ex
339 663 522 731 nominibus
542 662 723 730 Alexandri
745 664 956 749 imperatoris,
986 666 1043 749 qui
1071 671 1120 732 ter
1141 667 1308 734 consulatu

159 771 223 832 tum
253 765 379 832 functus
408 771 467 847 est,
496 767 629 849 eiusque
658 765 804 848 collegae
831 765 1004 850 adscriptis
1031 769 1079 834 ita
1100 767 1246 852 efficitur,
1275 773 1311 834 ut

160 867 285 934 titulum
307 887 392 934 anno
414 870 487 932 229.
511 867 696 934 dedicatum
720 885 791 934 esse
814 867 1050 951 intellegamus.

242 967 335 1048 Quae
364 989 437 1036 eum
465 972 512 1035 ita
534 969 606 1052 sint,
636 987 708 1036 enm
730 969 847 1036 iisdem
869 969 937 1037 fere
958 971 1165 1056 temporibus,
1194 971 1311 1056 quibus

159 1065 382 1154 speculatores
405 1071 545 1156 legionis
571 1090 645 1138 cum
667 1071 925 1155 Aquineeusibus
948 1073 1126 1140 coniunctis
1148 1074 1182 1138 in
1204 1073 1311 1157 eapite

161 1173 346 1240 Pannoniae
374 1174 537 1240 inferioris
559 1179 726 1258 apparent,
754 1173 917 1256 legionem
940 1174 1045 1257 ipsam
1067 1177 1102 1239 ut
1123 1181 1220 1241 antea
1242 1175 1311 1240 Bri·

160 1276 289 1358 getione
307 1274 484 1342 tetendisse
500 1274 553 1340 hie
568 1275 679 1342 titulus
693 1280 827 1342 testetur
842 1277 874 1359 ¹),
897 1276 954 1342 vix
976 1296 1057 1361 opus
1079 1284 1129 1343 est
1150 1276 1311 1342 affirmare

160 1378 320 1461 legionem
348 1382 454 1444 castra
481 1395 546 1442 non
573 1383 783 1459 permutasse.
828 1376 947 1444 Contra
975 1379 1017 1444 de
1045 1385 1134 1445 recta
1166 1379 1223 1444 via
1255 1379 1313 1443 vix

160 1480 396 1563 aberrabimus,
427 1479 455 1545 si
484 1477 535 1544 his
562 1479 628 1542 iam
658 1478 783 1546 duobus
812 1480 915 1547 titulis
943 1480 1046 1546 adiuti
1073 1488 1149 1548 ante
1171 1487 1312 1546 aetatem

161 1581 339 1648 Alexandri
362 1580 477 1648 Severi
506 1585 613 1646 castra
633 1581 893 1665 Brigetiouensia
920 1583 1028 1666 legato
1051 1583 1238 1649 Pannoniae
1265 1583 1312 1648 in·

163 1683 287 1750 ferioris
310 1683 496 1748 attributam
520 1701 591 1748 esse
614 1683 793 1766 statuimus,
815 1683 863 1748 ita
884 1685 1015 1768 quidem
1039 1691 1074 1750 ut
1095 1686 1228 1769 regione
1242 1684 1312 1751 Bri-

161 1784 338 1866 getiouensi
366 1803 431 1850 una
460 1803 532 1850 eum
562 1783 691 1866 legione
720 1783 766 1850 ibi
788 1785 939 1852 tendente
960 1787 1074 1854 addita
1097 1794 1130 1854 et
1151 1787 1313 1854 exercitus

165 1885 350 1968 provinciae
371 1886 531 1952 inferioris
554 1891 727 1968 augeretur
749 1892 782 1952 et
802 1886 884 1954 fines
906 1889 969 1973 ipsi
992 1896 1258 1974 propagarentur.

242 1986 339 2066 Quod
361 2007 459 2071 quam
480 2007 593 2054 rernm
616 1989 667 2070 sit,
692 1989 790 2054 etiam
805 1989 880 2056 inde
895 1997 1042 2076 apparet,
1065 1991 1152 2075 quod
1167 1991 1311 2076 Brigetio

163 2089 316 2174 oppidum
340 2095 372 2156 et
393 2090 480 2172 legio
496 2090 521 2154 Ι.
537 2089 690 2155 Adiutrix
705 2090 893 2158 Pannoniae
915 2093 1076 2159 inferioris
1098 2113 1170 2160 esse
1193 2093 1314 2161 diserte

162 2191 309 2258 dicuntur
329 2191 363 2256 iu
385 2191 479 2257 titulo
502 2191 625 2258 urbano
648 2191 702 2256 VI.
726 2193 826 2258 3198:
846 2187 1010 2262 ‘Aurelius
1033 2195 1190 2262 Constans
1213 2215 1312 2279 eques

164 2294 242 2377 sing.
257 2294 341 2376 Aug.
357 2313 388 2358 n.
404 2341 412 2358 .
430 2341 438 2356 .
454 2341 462 2358 .
485 2299 579 2359 natus
601 2293 635 2359 in
651 2293 818 2360 Pannonia
839 2297 990 2362 inferiore
1012 2295 1109 2363 domo
1125 2299 1313 2382 Brigetioue

163 2401 195 2460 at
207 2395 336 2478 legione
350 2395 457 2478 prima
470 2386 636 2462 atiutriee’
645 2398 668 2473 ²)
706 2397 789 2462 Tum
803 2395 847 2462 ad
864 2396 1011 2464 Cassium
1025 2399 1175 2483 Dionem,
1198 2405 1314 2467 testem

163 2498 402 2582 gravissimum,
436 2517 596 2580 provoco,
631 2498 686 2580 qui
718 2498 752 2562 in
779 2498 800 2563 l.
824 2498 890 2564 LV.
913 2519 940 2565 c.
964 2503 1005 2564 24
1035 2499 1085 2567 his
1115 2502 1240 2568 verbis:
1272 2506 1312 2565 acl

165 2609 298 2684 πρῶτον
328 2603 366 2662 τὰ
397 2603 613 2685 ἐπικουρικὸν
642 2603 678 2663 ἐν
706 2610 748 2686 τῇ
769 2603 944 2664 Παννονία
973 2611 1015 2688 τῇ
1036 2606 1126 2666 κάτω
1150 2603 1312 2686 legionem

164 2700 187 2764 I.
208 2701 410 2767 Adiutrieem
432 2703 467 2766 in
489 2700 639 2766 inferiore
662 2702 832 2786 provincia
853 2703 1038 2770 tendentem
1059 2705 1147 2772 facit.
1192 2705 1313 2772 Iniuria

164 2807 267 2868 autem
291 2802 407 2869 Dionis
436 2803 661 2869 auctoritatem
690 2800 741 2868 his
770 2804 803 2870 in
830 2803 926 2872 rebus
956 2804 1050 2872 nihili
1073 2827 1144 2874 esse
1168 2807 1313 2875 habitam

165 2923 205 2970 ex
225 2904 353 2972 collatis
376 2905 445 2972 eius
467 2904 576 2972 verbis
600 2924 672 2970 eum
694 2905 857 2972 titulorum
886 2907 1077 2978 testimoniis
1105 2911 1184 2978 satis
1211 2913 1312 2978 mani·

164 3005 242 3072 festo
271 3008 447 3091 appareti)
491 3006 561 3074 Hoc
588 3007 688 3089 igitur
716 3012 821 3074 statuo
844 3008 1062 3092 Brigetionem
1089 3032 1162 3079 cum
1183 3013 1312 3094 legione

248 3211 272 3274 1)
297 3205 445 3260 Tubicines
467 3206 539 3262 euim
559 3207 655 3262 eodem
677 3207 755 3277 loco,
777 3223 831 3277 qno
855 3209 975 3278 legiones
997 3211 1159 3280 tendebant,
1181 3212 1314 3268 stationes

165 3290 307 3345 latebant.
343 3289 534 3359 Speculatores
556 3298 648 3346 autem
670 3292 700 3345 iu
723 3292 815 3346 cilicio
832 3295 914 3360 legati
932 3297 1087 3363 provinciae
1109 3301 1191 3364 atque
1208 3297 1237 3352 in
1255 3297 1313 3352 eius

166 3374 224 3430 sede
239 3380 362 3430 versutos
380 3392 449 3441 esse,
468 3377 542 3446 quod
559 3377 652 3431 adhuc
668 3377 802 3432 incertum
819 3385 887 3447 erat,
905 3381 986 3435 certis
1004 3385 1170 3448 argumentis
1188 3397 1312 3452 compro-

165 3459 234 3518 barit
258 3461 497 3516 Domasxewskius
522 3465 551 3516 in
577 3461 860 3518 MuaereaXLV.
883 3468 1103 3534 (resorptus.
1138 3467 1229 3536 Quare
1254 3471 1315 3523 tum

166 3543 293 3613 legionem
305 3546 328 3600 l.
341 3545 510 3601 Adiutricem
526 3547 576 3602 sub
595 3548 684 3614 legato
696 3547 855 3603 Pannoniae
872 3549 1010 3606 interioris
1026 3550 1113 3606 insse
1125 3558 1251 3622 apertum
1261 3560 1312 3610 est.

247 3635 272 3698 2)
285 3627 333 3685 ‘at
351 3631 456 3698 legione
472 3632 561 3700 prima
578 3625 713 3686 atiutriee’
731 3631 872 3699 legendum
891 3639 941 3702 est,
958 3651 1013 3691 non
1027 3628 1094 3691 ‘et‘.
1131 3639 1239 3694 Etenim
1257 3655 1314 3696 non

166 3721 212 3780 est,
230 3731 279 3770 cur
291 3710 353 3781 ‘⁴at',
370 3717 443 3784 quod
460 3717 587 3785 traditur,
603 3710 689 3772 in‘et'
701 3720 844 3786 mutemus,
863 3735 924 3774 cum
941 3720 1033 3776 littera
1050 3725 1063 3775 t
1079 3739 1131 3792 pro
1149 3723 1169 3778 d
1184 3725 1267 3779 etiam
1285 3725 1314 3780 in

167 3799 363 3856 astismos
384 3804 534 3871 *usurpetur
560 3817 648 3872 neque
673 3803 808 3858 ablativus
833 3820 883 3875 pro
909 3807 1064 3863 scematiso
1090 3807 1120 3863 in
1145 3809 1241 3876 titulo,
1268 3811 1315 3881 qul

168 3886 322 3952 posterioris
339 3887 438 3942 aetatis
456 3890 506 3957 est,
524 3888 671 3957 quidquam
688 3889 844 3945 offensionis
861 3891 1001 3959 praebeat.

248 3973 276 4036 3)
298 3971 492 4028 Testimonium
516 3973 612 4029 Dionis
634 3973 687 4029 hae
708 3974 738 4030 in
759 3975 900 4030 reminas
923 3976 1015 4034 valera
1038 3977 1130 4032 adhuc
1155 3981 1314 4050 putubatur,

169 4053 237 4123 quud
252 4055 372 4126 intellegi
388 4073 444 4114 nou
460 4063 577 4127 poterut,
596 4060 729 4128 quomodo
747 4061 899 4128 accidisset,
917 4063 949 4117 ut
960 4061 1030 4132 legio
1041 4063 1064 4117 Ι.
1077 4062 1214 4133 Adiutrix,
1232 4079 1313 4134 quam

168 4153 215 4206 per
231 4142 339 4197 saecula
356 4143 523 4214 negatione,
545 4145 574 4199 in
598 4144 697 4216 oppido
715 4146 874 4202 Pannoniae
896 4147 1053 4217 superioris,
1076 4152 1169 4205 castra
1186 4150 1315 4206 habuisse
