3198 4974
322 392 384 450 200
798 393 864 450 Otto
882 393 1011 450 Bocksch

324 571 617 634 consternatus
652 566 690 630 od
720 565 795 628 redo
823 587 882 629 roo
936 569 1002 627 θεῖν
1041 563 1099 645 (00.
1138 561 1197 652 τὴν
1235 563 1364 652 μητέρα)
1405 561 1492 626 ἀλλὰ
1586 579 1587 626 f

324 687 397 738 011111
436 669 535 735 ferret
573 668 669 734 matri
709 669 880 736 obviae
936 663 1114 746 καταβὰς
1140 671 1293 730 θᾶττον
1318 660 1338 753 ἤ
1367 659 1492 752 βάδην

326 770 532 855 complexum
554 775 616 836 010.
936 791 1009 831 και
1031 764 1335 855 ἀπαντήσας,
1365 765 1491 856 πρώτην

936 871 989 958 μὲν
1012 867 1176 959 ἠσπάσατο
1196 868 1254 958 τὴν
1278 869 1395 958 μητέρα
1418 875 1492 940 κτλ,

412 972 516 1052 Quam
532 973 687 1058 deinceps
702 975 885 1057 prolaturus
905 981 976 1044 sum
1000 977 1085 1042 inter
1101 973 1252 1058 Dionysii
1276 979 1309 1038 et
1323 973 1494 1039 Plutarchi

326 1077 528 1144 narrationes
551 1074 813 1160 discrepantiam,
830 1095 870 1144 ea
888 1078 999 1144 neseio
1016 1098 1061 1145 an
1076 1077 1174 1144 etiam
1188 1075 1321 1164 maioris
1336 1076 1493 1140 momenti

326 1182 378 1264 sit,
402 1179 525 1264 quippe
542 1195 584 1244 ex
601 1197 666 1260 qua
680 1185 839 1262 appareat
859 1192 923 1245 non
947 1178 1001 1246 hic
1023 1179 1092 1244 illic
1114 1171 1324 1243 Plutarchum
1346 1176 1493 1260 singulas

326 1281 504 1368 particulas
522 1279 611 1346 illius
634 1280 770 1346 alterius
792 1280 891 1346 fontis
915 1280 1090 1347 inseruisse
1112 1279 1167 1346 vel
1189 1277 1396 1345 substituisse
1413 1277 1493 1344 Dio·

326 1384 484 1468 nysianae
499 1381 686 1464 memoriae,
703 1397 817 1447 rerum
834 1378 932 1447 etlam
944 1381 986 1448 de
998 1388 1066 1448 toto
1081 1401 1187 1448 rerum
1204 1379 1317 1447 ordine
1331 1379 1493 1464 Dionysio
1586 1411 1587 1462 3

326 1483 498 1568 repudiato
514 1483 557 1549 ad
580 1483 673 1548 illum
689 1501 725 1549 00
740 1483 970 1566 applicavisse.
1001 1483 1179 1567 Dionysius
1202 1481 1288 1549 enim
1310 1479 1495 1547 fabulam

327 1587 445 1652 illam
468 1584 515 1650 de
537 1585 694 1650 somnio
717 1584 892 1666 Latinii‚
916 1603 980 1669 quo
999 1585 1158 1652 adductus
1180 1590 1311 1652 senatus
1326 1584 1494 1651 Romanus

326 1688 423 1754 ludos
440 1695 586 1770 magnos,
610 1687 750 1769 primum
772 1705 844 1753 cum
858 1686 974 1754 fierent
988 1707 1053 1753 nen
1068 1687 1128 1753 rite
1151 1692 1296 1770 exactus,
1318 1686 1494 1752 instaurari

327 1789 436 1872 iussit,
466 1788 532 1852 iarn
562 1807 601 1854 οο
631 1789 704 1854 1000
734 1789 896 1872 damasit,
927 1809 991 1873 quo
1013 1795 1143 1856 servata
1164 1795 1345 1871 temporum
1368 1789 1495 1854 ratione
1586 1807 1587 1818 ¹

328 1891 509 1959 enarranda
532 1895 617 1974 erat,
646 1909 690 1957 sc.
714 1891 847 1960 ineunte
869 1911 955 1958 anno
979 1890 1128 1970 2641490.
1172 1887 1239 1954 Sed
1262 1888 1397 1955 dubium
1421 1909 1494 1958 esse
1586 1909 1587 1912 ’

327 2013 392 2061 non
407 1999 524 2078 potest,
548 1990 625 2074 quln
649 1990 728 2059 huic
750 1993 823 2060 loco
846 1993 1040 2059 narrationis
1062 2011 1136 2059 sera
1156 1990 1287 2058 demum
1311 2011 1413 2076 opera
1435 1993 1495 2058 illa
1586 1997 1587 2008 ’

326 2097 439 2163 fabula
474 2095 596 2160 inserta
630 2094 688 2177 sit,
726 2101 854 2162 veteres
883 2100 992 2160 autern
1023 2095 1198 2177 scriptores
1224 2111 1289 2159 non
1318 2099 1394 2160 ante
1422 2113 1495 2160 eam
1586 2105 1587 2142 l

327 2195 545 2285 prodiderint,
573 2203 669 2277 quam
692 2195 749 2261 ubi
772 2213 854 2280 opus
878 2203 963 2279 erat,
986 2202 1022 2262 ut
1044 2195 1125 2262 belli
1147 2195 1239 2278 origo
1262 2196 1494 2279 explicaretur.

326 2300 456 2367 Etenim
491 2298 576 2362 inter
605 2295 665 2363 hos
694 2296 789 2364 ludos
817 2299 1049 2365 instaurativos
1078 2295 1269 2364 Coriolanus
1303 2303 1336 2363 et
1365 2299 1494 2365 Tullius
1586 2343 1587 2348 κ

328 2402 405 2468 dolo
420 2401 488 2483 illo«,
513 2411 608 2483 quem
631 2416 731 2484 supra
750 2400 816 2465 iam
839 2399 993 2484 diximus,
1017 2399 1171 2482 efficiunt,
1193 2406 1229 2464 ut
1240 2399 1352 2465 Volsci
1374 2400 1494 2466 Roma·

327 2509 441 2570 norum
457 2501 576 2566 iniuria
590 2502 770 2589 abalienati
785 2502 909 2568 bellum
931 2501 997 2568 iam
1020 2503 1161 2586 cupiant.
1192 2501 1300 2584 Atque
1317 2499 1371 2567 hic
1385 2521 1494 2568 rerum

328 2605 407 2672 ordo
431 2608 577 2672 servatus
601 2609 651 2669 est
673 2608 706 2669 01
727 2602 834 2686 apud
862 2604 1022 2671 Livium
1046 2605 1096 2680 (H
1123 2603 1189 2681 36)
1213 2609 1246 2668 01
1267 2602 1376 2687 apud
1397 2603 1494 2670 Plu·

328 2703 1494 2790 tarohum(caprano),quiprorsusaDionysiodiesen·
1586 2703 1587 2780 ζ

328 2811 498 2890 tientes,
527 2811 701 2890 postquam
730 2806 938 2874 Coriolanum
965 2809 1055 2874 Antii
1083 2807 1237 2873 a'Pulllo
1267 2803 1412 2890 hospitio
1438 2827 1493 2874 sx-

330 2916 460 2995 ceptum
483 2927 658 2992 eorumque
681 2909 724 2974 de
749 2909 836 2976 bello
860 2909 1008 2976 Romano
1030 2909 1169 2976 consilia
1189 2909 1399 2992 rettulerunt,
1426 2915 1495 2975 tum
1586 2909 1587 2922 *

331 3011 461 3080 demum
485 3010 528 3076 de
550 3011 675 3078 somnio
698 3011 819 3076 Latinii
841 3011 985 3077 fabulam
1008 3012 1161 3077 inserunt.

414 3115 522 3196 Atque
537 3119 573 3179 ut
588 3111 650 3178 hac
666 3113 886 3199 discrepantia
901 3112 1002 3178 alium
1017 3117 1148 3195 praeter
1163 3111 1358 3196 Dionysium
1372 3113 1497 3179 fontem
1586 3143 1587 3172 t

330 3216 514 3285 adhibitum
537 3234 608 3281 0000
629 3217 849 3298 probatur,
872 3215 919 3280 ita
944 3215 978 3279 in
1001 3214 1137 3297 singulis
1158 3215 1255 3280 rebus
1278 3212 1426 3280 eiusdem
1447 3213 1497 3276 rei
1586 3195 1587 3220 ¹

329 3317 517 3401 vestigia
546 3322 727 3382 cernuntur.
772 3317 871 3383 Velut
899 3315 1077 3384 secundum
1107 3314 1273 3382 Plutarchi
1302 3313 1497 3380 relationem

330 3424 422 3488 illum
438 3438 579 3500 servum,
597 3419 653 3500 qui
672 3419 732 3484 snb
748 3419 840 3486 furca
858 3439 972 3486 caesus
993 3437 1052 3504 per
1070 3418 1143 3485 vias
1157 3417 1248 3483 urbis
1262 3423 1353 3484 actus
1370 3424 1451 3498 erat,
1474 3411 1495 3498 ἡ

330 3519 454 3608 πομπὴ
477 3515 580 3584 κατὰ
602 3516 725 3606 τύχην
749 3511 974 3606 ἠκολουθήκει
996 3520 1088 3598 (Sint.
1111 3524 1185 3602 441,
1201 3517 1265 3601 22).
1309 3518 1431 3586 donne
1453 3538 1499 3585 ex
1586 3589 1587 3606 χ

331 3622 483 3705 Dionysii
502 3620 611 3688 verbis
632 3629 711 3707 puto
733 3622 872 3690 iterem
894 3622 1171 3708 interpretandam
1194 3639 1277 3704 0000,
1299 3627 1335 3686 ut
1356 3621 1415 3686 ille
1438 3620 1497 3686 do·

330 3725 436 3790 minus
465 3741 595 3788 servum
624 3739 718 3791 suum
747 3731 823 3792 ante
845 3733 999 3810 pompam
1022 3724 1197 3808 circumagi
1222 3723 1408 3789 iusserit:
1433 3723 1498 3788 VH

332 3827 402 3908 69,1
434 3820 515 3910 ἀνὴρ
540 3817 700 3908 Ῥωμαῖος
728 3877 737 3892 .
762 3877 770 3891 .
795 3875 802 3889 .
828 3877 835 3891 .
864 3824 1066 3912 θεράποντα
1103 3823 1192 3890 ἰ’ὄιον
1221 3875 1229 3888 .
1254 3873 1261 3888 .
1287 3821 1499 3904 ,παραδοὺς

330 3939 403 4003 τοῖς
418 3921 620 4010 ὁμοδούλοις
636 3921 748 4012 ἄγειν.
767 3980 774 3992 .
793 3980 800 3994 .
818 3920 858 3994 δι’
886 3920 1010 4024 ἀγορᾶς
1034 3919 1135 3992 αὐτὸν
1160 3924 1354 3990 ἐκέλευσε
1375 3947 1499 4008 puoso·

331 4027 492 4114 γούμενον
510 4027 615 4095 ἕλκειν
626 4031 681 4096 καὶ
699 4029 732 4096 e't'
744 4053 797 4108 τις
813 4025 915 4106 ἄλλος
926 4025 965 4117 ἠν
980 4031 1040 4115 τῆς
1056 4026 1190 4104 πόλεως
1203 4021 1311 4104 κόνιος
1324 4023 1501 4114 ἐπιφανὴς

330 4126 562 4216 ἡγούμενον
578 4134 625 4219 τῇ
631 4155 649 4208 ς
664 4135 812 4218 πομπῇ
818 4155 846 4210 ς.
868 4133 951 4200 Item
968 4133 1011 4217 id,
1028 4133 1116 4216 quod
1131 4129 1324 4200 Plutarchus
1340 4129 1500 4214 adnectit,
