3170 4984
160 380 235 449 Quae
253 381 323 436 ratio
341 380 492 436 intercedat
509 382 582 436 inter
593 379 746 434 Vitruvium
764 381 792 434 et
804 377 974 434 Athenaeum
992 376 1187 432 mechanicum.
1225 372 1287 434 289

126 559 197 622 erat
225 554 300 620 talis
330 552 480 620 maehina
511 553 591 620 satis
621 553 737 635 mandi
767 551 931 636 pondere,
960 558 1047 618 rotas
1076 555 1183 616 autem
1218 549 1286 616 eius

125 655 314 722 Athenaeus
343 655 439 722 doeet
461 657 504 738 (p.
524 656 628 735 16117)
652 654 865 722 erassitudine
887 653 1022 738 pedales
1044 652 1154 719 fuisse.
1200 651 1287 716 Fieri

127 758 226 842 igitur
242 777 306 823 nou
322 759 437 842 potuit,
453 766 497 840 ut,
521 777 593 824 oum
617 759 672 842 qui
687 757 870 824 machinam
893 754 1127 839 protrudebant
1148 789 1191 798 -
1212 773 1287 818 nam

128 875 193 926 nou
220 858 409 926 trahebatur
430 858 582 926 maehina
605 868 639 926 ut
661 861 727 926 alia
749 859 901 925 vehicula
922 891 963 904 ·-
986 857 1019 922 iu
1042 857 1140 922 aliam
1163 862 1287 939 partem

127 961 366 1028 contentionem
382 961 500 1028 virium
516 959 709 1045 dirigebant,
732 966 822 1028 rotae
844 967 1008 1043 tamquam
1031 977 1089 1041 per
1112 976 1147 1025 se
1169 977 1287 1024 novam

126 1063 337 1130 direetionem
354 1069 572 1145 sequerentur.
608 1062 727 1129 Contra
747 1063 964 1130 neeessarium
988 1066 1058 1126 erat
1079 1060 1203 1126 untione
1226 1060 1287 1124 sal·

126 1173 193 1230 tem
208 1171 295 1231 rotas
311 1163 354 1231 ad
370 1184 488 1230 novam
504 1165 670 1248 regionem
686 1165 895 1248 eonstituer03
919 1170 1016 1246 atque
1039 1162 1137 1228 etiam
1160 1161 1289 1228 iaoilior

126 1265 189 1332 fuit
214 1265 384 1332 machinae
414 1267 522 1334 versio
550 1268 683 1350 posticis
713 1285 841 1350 qnoque
869 1267 948 1334 rotis
976 1264 1110 1350 paulum
1141 1263 1287 1332 versatis.

126 1368 245 1452 Neque
259 1367 389 1434 eredam
403 1368 544 1436 Vitruvii
560 1368 689 1434 demum
705 1374 813 1436 aetate
828 1370 861 1436 in
884 1367 1043 1436 maehinis
1066 1360 1289 1448 ἆμαξόπαόας

127 1469 276 1536 veotibus
306 1470 514 1538 versatiles
505 1491 539 1536 1n
566 1491 626 1538 usu
656 1468 771 1554 fuisse
800 1470 878 1554 quid
908 1471 996 1555 quod
1024 1468 1120 1536 Diod.
1145 1467 1208 1535 Sio
1224 1467 1289 1534 XX

127 1575 181 1656 91,
199 1573 217 1634 3
234 1571 275 1638 de
293 1571 449 1638 Demetrii
465 1573 523 1638 illa
538 1571 683 1656 helepoli
698 1567 826 1640 tradit‘
830 1570 918 1656 πρὸς
941 1572 977 1639 δὲ
1000 1567 1060 1657 τὴν
1084 1567 1119 1635 ἐκ
1143 1568 1290 1652 πλαγίας

126 1669 316 1754 μετάθεσιν
339 1655 425 1760 ἦσαν
448 1664 736 1758 ἆντίστρεπτα
762 1675 1101 1759 πεπραγματευμένα,
1126 1664 1171 1738 δι’
1199 1694 1246 1736 ων
1268 1695 1288 1755 η

127 1775 226 1838 πᾶσα
247 1771 375 1860 μηχανὴ
400 1774 479 1862 ῥᾳὸί
481 1798 526 1852 ως
549 1781 716 1844 παντοίαν
738 1773 955 1859 ὑπελάμβανε
981 1779 1110 1862 κίνησιν
1122 1773 1154 1840 'i
1184 1793 1290 1842 nonne

127 1878 199 1944 veri
232 1878 432 1944 simillimum
467 1884 516 1946 est
542 1889 614 1956 τοῖς
643 1870 902 1960 αντιστρέπταις
932 1885 1042 1946 veotes
1072 1877 1137 1944 diei
1173 1877 1290 1960 quibus

130 1973 396 2064 ἆντεστρέφοντο
419 1978 453 2045 οἱ
476 1975 712 2062 &paginarat

214 2082 321 2150 Unum
343 2088 443 2149 restat
464 2093 500 2150 ut
522 2083 563 2150 de
585 2084 725 2150 Vitruvii
748 2083 966 2167 desoriptione
988 2081 1124 2148 addam:
1155 2079 1291 2146 offendit

127 2182 327 2250 Roohasium
345 2184 432 2267 quod
447 2205 486 2252 ea
501 2204 542 2251 ne
566 2205 638 2252 oum
660 2184 772 2269 figuris
795 2185 928 2268 quidem
950 2183 1111 2250 Athenaei
1134 2188 1291 2266 oongruat

129 2321 171 2330 —-
193 2286 463 2370 praeclarissimis
489 2307 567 2354 sane
590 2288 670 2353 illis!
710 2285 798 2364 Ques
821 2286 935 2352 deberi
957 2287 1089 2352 librario
1111 2286 1210 2352 alioui
1232 2286 1289 2350 im·

126 2388 244 2472 perito,
267 2407 331 2452 non
354 2389 416 2472 ipsi
440 2388 693 2472 desoriptionnm
715 2389 839 2455 auotori
861 2388 946 2453 inira
969 2390 1012 2470 (p.
1028 2389 1103 2465 297)
1127 2405 1291 2471 exponen·

33 2493 36 2497 ’
128 2491 208 2556 dum
225 2490 303 2573 erit3
327 2490 384 2558 sed
408 2491 450 2558 de
472 2511 537 2558 una
559 2490 691 2610 quidem
716 2495 758 2574 (p.
778 2493 816 2555 te
832 2489 895 2567 W.)
919 2489 988 2555 eius
1012 2490 1067 2572 qui
1091 2508 1163 2554 eam
1185 2489 1292 2573 pinxit

127 2612 271 2660 errorem
286 2591 351 2656 iam
367 2591 420 2658 hio
434 2594 595 2678 aperiam:
619 2594 675 2713 qni
691 2613 764 2660 oum
780 2595 823 2706 (p.
843 2593 892 2673 16,
909 2587 943 2672 9)
966 2591 1100 2674 legisset
1112 2583 1291 2672 λαμβάνει

128 2693 167 2759 δὲ
197 2688 456 2771 ἆμαξίποὸας“
441 2693 562 2780 εκάστη
590 2694 682 2780 χώρα
704 2700 736 2760 A
758 2695 825 2758 τῶν
856 2715 890 2758 εν
918 2703 992 2768 ταῖς
1020 2684 1171 2775 γωνίαις’
1203 2700 1291 2760 ratus

126 2815 298 2864 numerum
320 2801 353 2860 A
376 2817 449 2864 oum
471 2799 572 2865 verbo
596 2791 812 2877 ἁμαξίποόας
835 2795 1094 2878 coniungendum
1118 2815 1189 2862 esse
1213 2814 1292 2877 qua·

127 2901 274 2966 ternos
265 2921 299 2964 rn
322 2899 474 2966 extremis
497 2901 614 2984 baseos
637 2900 815 2966 intervallis
839 2897 989 2981 depinxit
1011 2890 1227 2978 ἆμαξίποδας
1249 2933 1292 2944 -

129 3007 166 3068 et
187 3019 242 3067 eos
267 3021 364 3084 quam
387 3001 497 3085 inepta
519 3021 616 3068 manu
639 3001 858 3084 eomparatost

218 3101 284 3168 Sed
300 3123 385 3169 nuno
406 3123 466 3169 nos
489 3103 691 3170 conferamus
713 3103 758 3170 ad
783 3101 945 3168 Athenaei
968 3101 1084 3184 verba,
1107 3121 1190 3184 qnae
1213 3121 1293 3169 sana

130 3205 293 3272 sententia
322 3206 451 3271 omnino
474 3212 593 3272 oerent.
639 3206 783 3270 Primum
806 3205 892 3270 enim
915 3202 1136 3270 desideramus
1158 3203 1201 3270 ad
1222 3197 1291 3268 Ἵνα

132 3296 207 3390 ἕξ-,ιῖ
227 3305 318 3372 verbi
334 3307 470 3373 alieuius
493 3307 703 3391 infinitivum
726 3327 801 3374 nam
825 3306 959 3372 verbum
982 3303 1229 3391 παροὸοποιεῑν
1251 3325 1291 3374 ne

132 3408 233 3474 simul
244 3408 425 3493 audiamus,
438 3409 667 3476 sententiarum
681 3427 805 3476 oonexa
821 3407 921 3474 series
936 3407 1082 3492 impedit,
1097 3429 1170 3475 oum
1183 3415 1293 3494 pateat

129 3508 316 3576 machinam
332 3529 397 3576 non
413 3517 557 3576 ornatam
575 3529 646 3576 esse
663 3502 872 3590 ἁμαξίποσιν
887 3529 926 3578 eo
942 3511 1088 3593 oonsilio,
1111 3518 1147 3576 ut
1168 3511 1292 3592 liceret,

130 3612 161 3678 si
193 3631 274 3694 opus
303 3618 402 3686 osset,
426 3613 514 3677 viam
536 3612 669 3677 munire.
714 3611 829 3694 Neque
851 3613 956 3694 magis
979 3618 1057 3695 puto
1080 3613 1290 3698 premendum

130 3732 205 3780 esse
232 3714 438 3796 participium
457 3704 697 3796 (προάγοντας)
724 3714 770 3778 ita
792 3720 827 3780 ut
849 3715 1010 3780 sententia
1031 3713 1151 3781 evadat
1171 3707 1232 3798 ‘ut‚
1263 3715 1291 3782 si

130 3834 214 3899 opus
243 3816 286 3882 sit
307 3817 395 3880 viam
410 3816 534 3880 munire
549 3815 603 3880 vel
619 3817 863 3896 (παρατιθέναι
884 3811 996 3896 τινὰ)
982 3813 1213 3902 μνιρχαιήματα)
1236 3837 1292 3900 ap·

130 3923 261 4003 portare
277 3917 404 3999 aliquas
419 3917 586 3984 machinas
602 3921 657 3992 (so.
670 3916 712 3982 ad
727 3916 878 3999 murum),
903 3937 988 3984 oum
1011 3916 1176 3985 testudo
1200 3938 1295 4003 pro

131 4025 335 4100 movetur,
367 4037 406 4084 ea
434 4018 617 4103 promoveri
649 4009 786 4102 possit';
816 4037 891 4084 nam
921 4039 993 4084 eum
1018 4021 1096 4086 satis
1118 4018 1293 4086 artifieiosa

131 4120 263 4187 videtur
293 4120 374 4186 haee
402 4119 623 4204 interpretatio
653 4127 720 4186 tum
750 4141 789 4188 ne
817 4121 864 4188 sio
887 4120 1018 4214 quidem
1041 4122 1124 4188 bene
1146 4121 1294 4204 proeedit
