3134 4986
465 431 644 500 quaestiones
663 433 869 490 Posidonianae.
1185 437 1247 497 389

85 605 167 666 nota
196 601 343 685 indagari
366 605 486 686 poterit
509 625 591 688 quae
615 613 648 672 et
669 607 741 691 ipsa
763 607 804 673 ad
828 609 966 691 primum
989 616 1064 676 ante
1087 609 1161 679 (ihr.
1183 619 1247 678 nat.

85 703 254 768 saeculum
270 711 402 786 spectet.
440 707 531 773 'Palis
546 713 654 773 autem
670 713 785 774 exstat.
823 708 914 788 Quae
938 730 1130 795 quamquam
1149 732 1190 778 ex
1206 713 1247 778 si-

85 803 190 869 lentio
212 809 368 873 arcessita
384 813 441 890 cst,
465 814 570 874 tamen
586 807 736 874 firmitate
751 809 1002 895 haudquaquam
1025 821 1121 879 caret.
1167 813 1247 880 Cum

84 925 200 972 omnes
234 909 289 990 qui
321 929 342 974 a
370 909 507 976 Gemino
536 917 569 976 et
597 911 630 976 in
659 931 757 995 opere
784 906 848 978 ‘De
877 914 1102 980 distributione
1130 915 1246 980 artium

82 1005 401 1076 matbematicorum'
433 1017 465 1078 et
493 1011 682 1097 inscriptis
711 1016 953 1098 meteorologici
976 1017 1157 1099 argumenti
1178 1018 1245 1081 lau-

84 1107 205 1174 dantur
233 1112 406 1197 scriptores
436 1114 673 1198 componimus,
706 1120 757 1181 sat
784 1116 916 1198 grandis
946 1117 1058 1184 evadit
1084 1137 1245 1185 numerus.

82 1208 202 1294 Neque
238 1232 317 1279 vero
350 1215 435 1281 ullus
468 1215 602 1282 istorum
634 1217 824 1302 scriptorum
859 1217 1025 1286 Posidonii
1058 1221 1245 1286 memoriam

84 1319 228 1395 superat
272 1315 357 1384 Nam
379 1317 511 1384 ultimus
533 1317 605 1400 ipse
627 1317 819 1386 Posidonius
841 1328 899 1387 est
945 1318 1068 1399 Quibus
1089 1323 1245 1404 reputatis

82 1411 175 1482 haud
203 1419 407 1486 temerarium
435 1419 477 1486 sit
504 1419 668 1502 conligare
689 1419 861 1487 Geminum
883 1428 941 1488 cut
961 1424 1132 1507 aequalem
1154 1423 1244 1490 Posi·

84 1517 177 1584 donli
199 1519 299 1586 fuisse
320 1526 377 1586 aut
398 1539 463 1586 non
485 1520 533 1586 ita
549 1522 650 1588 multo
666 1529 740 1606 post
755 1542 829 1590 eum
845 1531 987 1592 aetatem
1003 1526 1141 1609 degisse.
1173 1525 1245 1590 Hoc

82 1628 193 1688 autem
221 1622 304 1690 illud
331 1629 458 1707 tempus
487 1629 537 1689 est
564 1623 650 1707 quod
674 1626 915 1707 computatione
936 1629 1083 1694 instituta
1105 1647 1147 1694 ex
1169 1628 1242 1693 loeo

83 1725 127 1792 de
153 1726 226 1794 Isiis
250 1725 397 1792 elabitur.
443 1724 542 1790 Hisce
566 1725 691 1792 duobus
713 1725 844 1794 indiciis
866 1729 1044 1796 coniunctis
1066 1730 1145 1796 satis
1167 1748 1241 1795 con-

82 1834 170 1895 stare
198 1829 349 1894 existimo
372 1825 542 1892 Geminum
570 1828 675 1910 primo
704 1848 735 1893 a.
758 1826 833 1894 (ihr.
856 1836 921 1896 nat
945 1832 1075 1897 saeculo
1097 1829 1243 1897 floruisse

82 1937 181 2012 atque
194 1923 495 1996 ‘Introductionem'
520 1929 631 2012 utique
649 1936 723 2013 post
737 1950 857 1996 annum
872 1932 974 2015 LXX,
997 1934 1143 2000 fortassis
1165 1952 1243 1998 vero

81 2051 147 2097 non
169 2038 244 2097 ante
266 2051 384 2097 annum
406 2031 505 2096 XXX
527 2033 765 2115 conscripsisse.

168 2133 235 2200 Sed
257 2133 405 2200 dubitant
426 2134 572 2200 Blassius
596 2134 648 2209 (ci.
671 2134 692 2198 l.
709 2155 737 2200 c.
759 2155 791 2218 p.
810 2139 862 2210 10)
884 2141 918 2201 et
939 2136 1092 2204 Manilius
1113 2136 1166 2213 (cf.
1184 2137 1206 2202 l.
1222 2139 1244 2203 i.

81 2256 114 2320 p.
135 2235 209 2319 102)
238 2243 369 2321 propter
398 2236 537 2302 nominis
565 2235 701 2301 formam
724 2235 895 2303 Geminum
925 2239 1028 2321 primo
1057 2243 1131 2304 ante
1154 2236 1245 2304 Chri-

81 2344 165 2406 stum
183 2339 312 2406 saeculo
328 2337 509 2420 adsignare.
532 2338 638 2421 Atque
655 2337 711 2404 ille
727 2339 774 2404 sic
790 2339 933 2424 disputat
947 2340 968 2404 l.
984 2341 1020 2404 l.:
1040 2331 1244 2405 ‘Auditorem

80 2442 192 2508 dicunt
214 2440 383 2507 Geminum
404 2438 572 2506 Posidonii
593 2439 709 2524 fnisse,
739 2439 912 2524 Rhodique
934 2445 968 2506 et
989 2440 1094 2524 ipsum
1118 2439 1242 2506 habita-

79 2544 178 2610 visse.
215 2541 330 2610 Utrum
351 2543 449 2624 igitur
470 2541 498 2608 is
520 2541 683 2608 Romanus
704 2543 836 2608 natione
857 2542 918 2608 luit
939 2562 982 2608 an
1004 2541 1172 2608 Graecus?
1205 2541 1242 2610 Si

79 2646 166 2712 enim
181 2643 333 2728 Graecus,
357 2644 456 2709 velim
471 2641 552 2708 mihi
568 2643 711 2727 explicet
725 2644 854 2728 aliquis,
877 2663 942 2727 qua
956 2644 1079 2710 ratione
1095 2643 1240 2710 Romano

77 2749 209 2814 nomine
231 2747 399 2828 vocitetur,
423 2766 495 2811 oum
517 2765 723 2829 nequaquam
744 2747 801 2812 illa
822 2752 929 2812 aetate
944 2746 1090 2812 Romana
1105 2742 1240 2812 Graecis

77 2851 242 2936 permixta
263 2849 391 2930 fuerint,
414 2867 519 2931 neque
542 2853 648 2914 exstet
663 2868 705 2915 ex
720 2869 760 2914 ea
774 2849 875 2914 ullum
899 2849 1084 2933 exemplum
1100 2847 1240 2915 bominis

77 2954 197 3020 Graeci
220 2953 289 3018 sine
312 2950 438 3017 Graeco
460 2951 599 3016 nomine.
635 2951 720 3017 Nam
743 2951 778 3016 id
800 2950 932 3035 quidem
954 2949 1049 3016 nibili
1071 2959 1128 3034 est,
1152 2950 1240 3035 quod

77 3055 213 3140 quidam
248 3057 388 3136 Γεμῖνος
421 3071 538 3118 nomen
573 3053 632 3130 (ita
665 3053 750 3118 enim
783 3053 974 3137 plerumque
1007 3053 1041 3118 in
1073 3053 1239 3120 codicibus

77 3157 241 3234 scribitur)
274 3157 436 3223 Graecum
470 3172 541 3222 esse
573 3153 760 3238 perbibent,
796 3175 867 3221 cnm
899 3154 982 3220 nibil
1014 3153 1131 3221 Graeci
1163 3156 1239 3220 insit

76 3264 413 3343 praeter·accentum;
438 3276 510 3322 enm
525 3255 610 3320 enim
627 3253 743 3322 Graeci
758 3256 801 3322 ad
816 3255 1059 3323 similitudinem
1073 3257 1237 3322 nominum

75 3362 189 3447 qualia
204 3368 277 3427 sunt
288 3364 461 3437 Στασῖνος,
478 3361 644 3438 Κρατῖνος
658 3359 917 3425 immutaverunt.
948 3357 984 3425 Si
998 3365 1106 3425 autem
1122 3359 1237 3423 Roma·

75 3484 138 3531 nus
159 3464 221 3529 luit
235 3463 401 3544 Geminus,
424 3462 563 3544 primum
586 3459 620 3524 id
643 3460 747 3544 ipsum
764 3481 962 3546 magnopere
985 3462 1099 3526 mirum
1116 3466 1173 3542 est,
1196 3460 1237 3526 si·

76 3566 209 3651 quidem
231 3565 394 3632 rarissime
416 3570 491 3629 tunc
513 3562 667 3646 temporis
683 3562 820 3630 Romani
838 3563 986 3631 homines
1000 3563 1043 3630 ad
1059 3563 1117 3628 illa
1130 3560 1239 3628 studia

76 3690 113 3736 se
135 3668 372 3751 adplicuerunt.
409 3665 492 3730 'an
516 3665 544 3730 si
567 3665 639 3749 quis
661 3665 722 3731 fuit
744 3666 816 3732 sive
838 3667 1000 3731 Romanus
1023 3665 1093 3730 sive
1111 3661 1237 3729 Siculus

75 3777 143 3836 tam
171 3766 301 3852 egregie
325 3766 438 3831 doctus
462 3766 567 3848 qualis
589 3767 622 3837 in
645 3765 706 3833 boc
729 3767 849 3850 scripto
871 3765 1024 3850 adparet,
1053 3783 1117 3848 qno
1140 3763 1237 3830 modo

74 3870 197 3939 latuit?
241 3867 504 3952 Exspectandum
527 3867 612 3931 enim
635 3875 721 3952 erat,
747 3876 780 3934 et
800 3869 889 3952 apud
911 3868 1098 3935 Ciceronem
1120 3884 1237 3932 nomen

76 3975 148 4040 eius
171 3975 324 4057 frequens
347 3991 418 4038 esse
440 3976 473 4034 et
494 3967 582 4053 apud
597 3966 689 4053 alios,
716 3990 789 4035 cum
812 3971 859 4037 eis
881 3971 972 4037 annis
987 3969 1160 4051 scripserit,
1181 3969 1238 4052 qni

73 4077 224 4161 plurimis
239 4075 362 4157 ingenii
372 4071 509 4139 Romani
525 4072 739 4138 monumentis
755 4065 980 4138 inlustrantur.²
1005 4068 1103 4136 (iuius
1115 4070 1237 4136 delibe-

71 4176 210 4244 rationis
224 4175 436 4259 posteriorem
452 4178 577 4258 partem
593 4190 705 4240 secure
720 4173 848 4240 silentio
864 4172 1041 4258 praeterire
1056 4191 1235 4256 possumus.

976 4273 1030 4324 26*
