3318 4970
503 396 544 452 De
561 396 672 467 legione·
683 396 866 454 Romanorum
884 399 905 456 1.
924 400 1073 458 Adiutrice.
1350 404 1368 466 7

302 567 394 647 Quod
418 570 446 637 si
467 575 554 637 recte
572 576 725 640 statutum
747 577 806 654 est,
831 573 896 640 duo
918 573 994 640 inde
1010 573 1204 642 efficiuntur:
1229 577 1369 646 Primum

214 671 426 754 intellegitur,
467 678 535 738 tum
568 671 712 751 demum,
746 674 766 738 i.
797 693 824 741 e.
859 682 997 742 exeunte
1029 696 1114 743 anno
1148 680 1216 762 68.,
1249 681 1371 763 primos

214 773 333 838 milites
356 773 493 856 legionis
516 773 540 837 l.
557 773 732 842 Adiutricis
748 776 918 860 stipendiis
933 777 1088 847 absolutis
1103 781 1228 864 missos,
1251 781 1370 850 deinde

214 874 374 958 legionem
403 893 444 941 ex
472 873 643 958 militibus,
677 876 732 959 qui
761 877 838 944 iuris
867 881 1029 962 peregrini
1058 887 1166 962 erant,
1197 900 1269 949 esse
1297 903 1369 950 con·

214 975 375 1060 scriptam.
405 975 519 1059 Itaque
535 994 606 1042 cum
622 975 681 1045 hos
696 978 893 1061 legionarios
908 1001 991 1048 anno
1003 983 1054 1048 68.
1072 981 1207 1050 honesta
1218 984 1370 1052 missione

215 1076 380 1162 dimissos,
407 1078 594 1162 priusquam
624 1081 785 1164 legionem
809 1081 937 1150 efficere
959 1084 1159 1168 iuberentur,
1188 1085 1252 1152 iam
1279 1087 1370 1152 auxi·

213 1178 308 1244 liaria
335 1178 498 1263 stipendia
525 1183 656 1249 meritos
685 1201 756 1250 esse
784 1185 988 1269 perspicuum
1020 1187 1078 1268 sit,
1107 1186 1188 1252 nihil
1218 1193 1369 1271 quantum

215 1279 312 1347 video
335 1281 450 1364 obstat,
474 1284 643 1366 quominus
666 1282 716 1350 his
738 1286 817 1353 solis
840 1285 1025 1369 diplomatis
1047 1288 1108 1354 nisi
1130 1289 1370 1374 contendamus,

214 1383 375 1464 legionem
399 1383 639 1452 1.Adiutrioom
654 1405 738 1452 anno
761 1388 812 1452 68.
836 1407 878 1454 ex
900 1387 1065 1470 militibus,
1089 1390 1154 1472 qui,
1178 1409 1371 1473 quamquam

215 1485 293 1551 iuris
306 1485 467 1569 peregrini
479 1493 579 1570 erant,
591 1492 697 1553 umen
710 1486 948 1556 honoratiorem
960 1489 1108 1556 militiam
1120 1492 1258 1558 assecuti
1271 1499 1370 1575 erant,

215 1589 419 1654 constitutam
443 1607 526 1671 csse,
549 1588 583 1653 id
606 1588 692 1672 quod
707 1591 804 1673 paulo
829 1591 914 1657 inira
934 1589 1008 1657 aliis
1031 1610 1159 1675 quoque
1174 1595 1372 1676 argumentis

215 1689 493 1757 demonstrabitur.

301 1792 407 1876 Atque
444 1791 676 1874 inquirentibus
713 1792 823 1875 nobis,
853 1811 894 1858 ex
928 1793 1118 1876 quibusnam
1154 1795 1308 1863 militibus
1341 1803 1373 1862 et

216 1913 357 1978 quonam
385 1893 532 1977 principe
561 1893 647 1975 legio
676 1899 785 1960 creata
814 1895 872 1978 sit,
899 1893 1165 1978 proficiscendum
1190 1903 1238 1963 est
1260 1897 1301 1962 ab
1324 1897 1371 1964 eis

123 2075 125 2080 Ι
216 1997 336 2078 verbis,
359 2014 442 2079 quae
458 2002 490 2060 et
506 1994 547 2060 de
563 1995 685 2061 cunctis
700 1996 796 2062 rebus
818 2017 903 2063 anno
925 1999 976 2063 68.
998 1999 1098 2081 gestis
1120 2004 1152 2064 et
1167 1997 1208 2064 de
1224 1997 1285 2064 hac
1301 1998 1373 2082 ipsa

218 2099 345 2181 legione
368 2097 499 2164 Tacitus
522 2097 696 2163 memoriae
718 2099 871 2182 prodidit.
909 2100 993 2166 Nam
1016 2119 1110 2182 quem
1130 2099 1371 2184 locupletiorem

216 2210 379 2267 auctorem
402 2200 516 2266 Tacito
539 2199 727 2267 inveneris?
754 2198 816 2279 Qui
839 2201 965 2268 iuvenis
994 2201 1044 2268 his
1067 2202 1147 2285 ipsis
1176 2203 1372 2285 temporibus

216 2309 314 2386 atque
324 2301 616 2385 perturbationibus
628 2301 756 2386 imperii
772 2309 827 2369 aut
843 2303 913 2385 ipse
924 2303 1078 2370 intererat
1092 2310 1147 2370 aut
1162 2309 1248 2369 certe
1261 2302 1373 2370 hahuit

216 2405 331 2486 fontes,
355 2423 396 2471 ex
419 2404 534 2486 quibus
550 2403 729 2470 certissima
742 2410 853 2488 posset
875 2403 1010 2488 singulis
1033 2403 1074 2470 do
1097 2405 1192 2470 rebus
1215 2405 1372 2488 factisque

217 2507 356 2590 haurire,
380 2506 434 2588 qui
450 2522 555 2587 neque
571 2523 716 2588 usquam,
740 2506 818 2587 quid
833 2506 978 2588 legiones
993 2505 1195 2588 perfecerint,
1218 2506 1372 2590 neglexit,

220 2617 253 2674 et
274 2607 336 2675 hac
356 2607 557 2691 potissimum
579 2614 685 2672 aetate
708 2613 806 2672 totam
829 2607 876 2672 rei
898 2606 1048 2690 publicae
1063 2607 1198 2672 salutem
1220 2607 1254 2672 in
1272 2607 1371 2690 legio·

219 2710 317 2776 uariis
345 2709 482 2792 positam
512 2709 609 2776 luisse
633 2707 718 2773 haud
742 2707 920 2791 ignorabat.
965 2707 1115 2774 Secundo
1144 2707 1271 2775 demum
1300 2710 1372 2776 loco

217 2813 300 2880 alios
328 2812 500 2895 scriptores
528 2816 605 2896 puto
633 2808 836 2876 adhibendos
865 2828 936 2877 esse
962 2811 1031 2876 sive
1060 2810 1208 2893 Latinos,
1237 2817 1273 2876 ut
1294 2809 1372 2877 Sue·

217 2916 350 2999 ionium,
374 2915 444 2982 sive
466 2912 618 2993 Graecos,
641 2918 676 2978 ut
691 2910 836 2979 cassium
854 2912 991 2980 Dionem
1014 2920 1046 2979 et
1068 2912 1284 2979 Plutarchum.
1322 2913 1373 2978 Ex

218 3020 335 3102 quibus
349 3018 495 3096 alterum,
520 3015 667 3097 quamvis
689 3014 776 3080 haud
792 3016 938 3098 ignarum
961 3033 1066 3081 rerum
1082 3016 1209 3099 imperii
1225 3016 1373 3099 Romani,

217 3121 340 3204 qnippe
358 3118 413 3201 qui
435 3117 485 3182 bis
502 3117 667 3182 consulatu
689 3117 814 3184 functus
837 3118 963 3200 legatus
985 3117 1172 3200 provinciae
1188 3116 1372 3183 Pannoniae

216 3222 324 3304 fuerit,
340 3219 507 3286 historiam
522 3225 629 3284 tamen
645 3224 771 3285 centum
793 3219 886 3284 annis
907 3223 981 3301 post
994 3219 1162 3302 scripsisse
1177 3237 1241 3284 non
1264 3217 1372 3299 negle-

217 3322 357 3408 gendum
387 3327 451 3403 est;
481 3321 613 3387 alterius
643 3339 770 3404 quoque
793 3321 910 3402 rerba,
940 3319 1001 3386 etsi
1023 3340 1086 3386 non
1108 3321 1154 3385 ita
1176 3319 1277 3385 multo
1299 3325 1373 3402 post

216 3426 310 3508 vixit,
333 3431 440 3490 tamen
463 3429 497 3488 nt
513 3421 652 3489 hominis
667 3422 783 3488 Graeci
805 3442 869 3487 non
885 3421 971 3487 idem
991 3422 1101 3488 valere
1123 3427 1220 3503 atque
1235 3421 1373 3487 Romani

216 3526 382 3612 scriptoris
404 3525 487 3591 inter
509 3543 621 3592 omnes
643 3531 775 3590 constat.

304 3627 395 3706 Quae
411 3645 483 3694 cum
505 3627 551 3692 ita
566 3627 639 3709 sint,
655 3626 796 3692 maxime
812 3624 986 3690 dolendum
1011 3631 1068 3706 est,
1091 3622 1179 3706 quod
1194 3624 1251 3689 illa
1266 3622 1372 3688 Taciti

216 3749 350 3815 operum
373 3748 459 3815 pars,
481 3729 515 3794 in
531 3727 651 3811 quade
670 3726 732 3794 hac
753 3726 984 3809 rescripserat,
1008 3731 1188 3808 temporum
1203 3725 1372 3807 iniquitate

216 3832 323 3915 periit.
347 3865 389 3876 ·—
411 3830 508 3897 Initio
531 3836 638 3896 autem
661 3829 865 3897 historiarum
887 3827 1036 3910 Tacitus,
1064 3827 1251 3911 priusquam
1274 3825 1372 3892 desti-

218 3939 304 4015 nata,
328 3938 363 3998 ut
385 3932 432 3998 ait
454 3932 534 4015 ipse,
552 3939 732 4016 componat,
755 3932 882 4017 repetit,
906 3930 1010 4013 qualis
1032 3933 1133 3996 status
1155 3927 1243 3993 urbis
1264 3926 1372 4009 fuerit,

217 4032 361 4116 dicitque
384 4033 417 4098 in
444 4034 550 4117 capite
574 4035 593 4097 6
615 4033 691 4099 libri
713 4033 742 4098 l:
770 4025 949 4098 ‘inducta
977 4031 1144 4114 legione
1174 4029 1372 4112 Hispana,

217 4142 456 4202 remanente
478 4154 540 4218 ea,
571 4155 686 4220 quam
708 4154 726 4200 e
750 4134 887 4200 classe
909 4133 1016 4200 Nero
1045 4133 1372 4216 conscripserat,
