3318 4970
314 373 353 429 12
733 375 873 444 Augustus
891 375 1045 432 Junemann

450 544 537 612 Suet.
562 544 668 614 Galba
692 550 740 613 ta.
1039 548 1122 616 Plut.
1147 548 1252 616 Galba
1278 556 1326 618 15.

356 664 405 730 Ea
437 664 525 730 fama
559 667 614 742 (sc.
644 666 813 740 saevitiae)
846 673 878 734 et
943 660 1035 732 Ἐπεί
1054 665 1089 730 δέ
1107 672 1262 753 προσιὼν
1278 673 1397 753 ἀπεῖχε
1409 684 1468 761 τῆς

312 763 499 832 confirmata
522 771 554 832 et
569 773 664 833 aucta
685 773 741 848 est,
765 772 799 833 ut
814 769 876 852 pri·
904 768 1038 845 πόλεως
1061 773 1141 852 περί
1163 777 1264 834 πέντε
1280 776 1336 836 καί
1359 775 1467 840 εἴκοσι

311 886 397 932 mum
414 867 524 933 urbem
545 867 675 934 introiit.
706 868 789 935 Nam
804 890 876 936 cum
906 870 1074 950 σταδίους,
1091 875 1302 955 ἐνετύγχανεν
1318 877 1465 962 ἀκοσμίᾳ

311 969 573 1052 classiariOS,
590 971 806 1052 quosNero
829 991 876 1038 ex
901 976 1111 1060 καίθοράβφ
1137 982 1216 1036 τῶν
1239 978 1465 1065 ἐρετῶντήν

310 1071 537 1153 remigibus
560 1072 696 1138 iustos
719 1072 875 1140 milites
903 1073 982 1138 ὁδὸν
1001 1080 1277 1160 προκατεχόντων
1298 1081 1354 1142 καί
1370 1100 1465 1166 περι-

310 1171 488 1257 fecerat,
511 1172 618 1239 redire
640 1173 683 1239 ad
706 1175 874 1257 pristinum
900 1184 1085 1259 κεχυμένων
1094 1181 1320 1258 πανταχόθεν.
1342 1179 1466 1246 Οὗτοι

310 1279 427 1339 statum
449 1281 592 1358 cogeret,
622 1282 806 1342 recusantes
828 1283 874 1342 at·
902 1277 943 1342 sc
973 1277 1092 1364 ἦσαν,
1123 1281 1192 1354 οὓς
1219 1283 1268 1356 είς
1297 1283 1332 1343 ἓν
1355 1285 1464 1366 τάγμα

310 1374 873 1460 queinsuperaquilametsiguu
899 1384 918 1443 ὁ
947 1385 1091 1467 Νέρων
1132 1379 1332 1462 συλλοχίσας
1370 1387 1464 1448 ἀπέ-

309 1475 576 1558 pertinacius
620 1478 872 1563 flagitantes
900 1504 1006 1568 φηνε
1045 1487 1363 1567 στρατιώτας.
1408 1490 1464 1550 καί

308 1595 372 1643 non
394 1577 491 1643 modo
523 1580 704 1647 immisso
735 1581 873 1664 equite
898 1587 974 1646 τότε
992 1633 998 1646 ,
1017 1633 1023 1646 .
1042 1633 1048 1646 .
1067 1633 1073 1646 .
1091 1585 1280 1670 ἐθορύβουν
1303 1589 1368 1672 βοῇ
1393 1605 1463 1674 ση-

308 1677 500 1762 disiecit,
548 1681 606 1748 sed
650 1681 874 1749 decimavit
897 1692 996 1765 μεῖα
1019 1684 1066 1768 τῴ
1095 1689 1240 1769 τάγματι
1268 1691 1324 1752 καί
1351 1693 1463 1776 χώραν

308 1779 414 1845 etiam.
899 1789 1124 1862 cccccccccc.
1156 1781 1462 1877 Ἔκείνσυάέὐπερ-

897 1890 1080 1969 τιθεμένου
1098 1937 1104 1950 .
1119 1938 1125 1951 .
1142 1939 1147 1952 .
1163 1939 1169 1952 .
1187 1894 1392 1976 ἠγανάκτουν
1407 1896 1463 1956 καὶ

896 1993 1106 2074 προείποντσ
1118 1995 1162 2078 μὴ
1177 1991 1375 2078 φειδόμενοι
1386 1996 1459 2080 βοῇ.

892 2083 1004 2155 Ἔνίων
1040 2090 1075 2154 δέ
1108 2097 1165 2156 καί
1199 2095 1260 2169 τάς
1293 2098 1462 2181 μαχαίρας

895 2199 1134 2274 σπασαμένων,
1151 2194 1342 2260 ἐκέλευσε
1364 2201 1461 2274 τούς

895 2301 1049 2371 ἱππεῖς
1078 2295 1281 2378 ἐμβαλεῖν
1312 2301 1460 2375 αὐτοῖς

893 2396 1099 2480 ὁΓάλβας.
1134 2391 1277 2484 Ὑπέστη
1296 2398 1331 2462 δέ
1350 2398 1460 2476 οὐδεὶς

893 2503 1045 2578 ἐκείνων,
1080 2493 1157 2562 άλλ)
1195 2504 1228 2562 σί
1261 2505 1322 2579 μέν
1356 2490 1460 2579 εὐθὺς

893 2605 1154 2688 ἀνατραπέντες,
1178 2607 1212 2665 οἱ
1228 2601 1263 2666 oc
1281 2607 1460 2690 φεύγοντες

895 2703 1145 2790 διεφθάρησαν.

392 2804 488 2887 Apud
504 2802 691 2870 Suetonium
707 2807 805 2888 igitur
819 2808 956 2890 legimus
969 2805 1162 2888 classiarios,
1179 2806 1233 2888 qui
1250 2807 1325 2875 iusti
1341 2808 1458 2876 milites

305 2905 469 2972 aNerone
491 2906 569 2972 lacti
592 2913 691 2989 erant,
715 2907 856 2974 aGalba
878 2908 989 2973 urbem
1011 2907 1149 2972 intrante
1164 2908 1339 2976 trucidatos
1361 2917 1459 2994 atque

305 3007 482 3075 decimatos
512 3027 592 3074 esse.
644 3007 762 3075 Contra
790 3007 999 3092 Plutarchus,
1029 3027 1126 3091 quem
1154 3010 1292 3076 auctoris
1322 3011 1458 3077 Romani

303 3110 490 3176 memoriam
513 3117 657 3176 secutum
687 3129 757 3178 esse
779 3131 838 3196 per
860 3131 895 3178 se
919 3117 1166 3178 consentaneum
1189 3117 1253 3194 est,
1277 3109 1327 3178 bis
1350 3113 1458 3180 verbis

303 3214 415 3281 utitur:
435 3216 570 3298 (ἐρέται)
588 3216 646 3289 οὓς
661 3216 711 3289 είς
726 3215 761 3276 ἐν
784 3218 892 3297 τάγμα
917 3217 935 3276 ά
950 3217 1069 3298 Νέρων
1086 3211 1286 3293 συλλοχίσας
1302 3215 1457 3300 ἀπέφηνε

304 3319 523 3401 στρατιώτας.
575 3315 661 3381 Illud
689 3314 820 3397 quidem
856 3319 972 3401 ἐρέτας
1002 3317 1210 3400 ἀποφαίνειν
1248 3319 1457 3401 στρατιώτας

302 3417 389 3482 ἰάσω
412 3424 498 3484 certe
521 3417 674 3499 declarat,
698 3415 785 3499 quod
808 3416 922 3483 Latine
942 3410 1055 3483 ‘iustos
1077 3417 1195 3484 milites
1217 3417 1325 3482 facere
1347 3417 1456 3484 classi·

302 3509 413 3585 arios'.
458 3519 501 3584 At
523 3523 571 3596 είς
594 3522 629 3583 ἕν
651 3523 761 3603 τάγμα
786 3515 990 3600 συλλοχίζειν
1020 3515 1097 3600 quid
1124 3516 1309 3602 significat?
1341 3517 1456 3585 Nonne

303 3618 365 3686 boc
387 3620 459 3687 loco
476 3619 667 3687 Plutarchus
691 3619 770 3688 dicit
792 3619 833 3687 de
849 3621 977 3704 legione
993 3619 1154 3686 Neronis?
1177 3619 1263 3686 Sane
1278 3619 1456 3687 conceden-

302 3721 379 3788 dum
395 3728 443 3789 est
458 3740 571 3788 vocem
593 3727 702 3806 τάγμα
725 3721 908 3805 significare
930 3720 1101 3805 legionem,
1127 3720 1301 3788 cumidem
1320 3722 1456 3806 scriptor

302 3822 503 3890 v.0tb0.1·2
525 3823 658 3891 referat:
683 3819 849 3910 λεγεῶνες]
874 3827 960 3887 οὕτω
983 3825 1045 3908 γάρ
1069 3825 1110 3886 τά
1126 3827 1278 3906 τάγματα
1296 3815 1456 3906 Ῥωμαῖοι

299 3924 468 3989 καλοῦσιν.
1100 3939 1121 3952 ’·

386 4026 566 4110 Scriptores
595 4027 692 4111 igitur
721 4049 792 4095 cum
823 4028 864 4094 de
886 4047 921 4094 re
951 4027 1165 4110 consentiant,
1198 4027 1239 4094 de
1266 4027 1455 4095 condicione

301 4127 438 4194 militum
454 4128 694 4196 interfectorum
709 4131 874 4214 ambigere
890 4129 1049 4196 videntur.
1080 4130 1207 4196 Etenim
1222 4130 1250 4198 si
1266 4129 1330 4198 illis
1346 4131 1454 4198 verbis
