3198 4974
254 399 296 454 De
312 399 435 456 fontibus
452 398 578 469 Dionysii
594 398 845 454 Halicarnassonsis
864 397 1036 468 quaestiones
1053 398 1153 454 vanae,
1225 397 1287 458 197

128 574 216 640 iere
239 591 324 638 oum
346 571 467 638 Livio
490 571 533 648 (ΙΙ
550 571 607 652 35,
624 571 656 649 8)
672 575 712 637 et
735 569 878 638 (lessio
902 571 1037 638 Dione
1060 573 1290 657 (exscripto

129 695 150 741 a
183 673 345 740 Zonara
375 671 451 738 VII
481 674 557 756 16),
596 673 703 757 ipsis
747 693 912 758 quoque
950 673 999 739 de
1034 674 1135 742 aliis
1167 675 1290 742 rebus

128 778 253 860 plane
286 774 648 841 dissentientibus.
698 773 848 858 Namque
876 776 974 842 Livio
1005 781 1037 840 ot
1065 775 1193 844 Zonara
1216 796 1291 843 auc·
1349 849 1356 864 .

129 880 253 945 toribus
275 877 370 961 plebs
380 876 570 943 Volscorum
586 895 822 960 magnoperea
844 877 931 944 bello
946 877 1092 944 Romano
1114 876 1292 962 abhorruit,

131 1001 170 1048 eo
186 985 309 1047 tantrnn
325 978 517 1064 interposito
532 976 730 1059 discrimine,
748 977 836 1061 quod
852 979 996 1046 Zonaras
1012 978 1105 1044 addit
1119 980 1291 1063 optimates
1331 1060 1336 1069 ι

130 1082 174 1148 ad
198 1081 321 1149 bellum
350 1099 470 1165 pronos
499 1079 600 1146 fuisse
628 1076 674 1157 (oi
704 1080 838 1160 πρῶτοι
866 1079 923 1144 καὶ
954 1077 987 1143 οἱ
1011 1076 1046 1144 ἐν
1068 1090 1141 1156 τοῖς
1162 1079 1292 1146 τέλεσιν

131 1175 241 1248 αὐτῶν
263 1175 357 1258 ὄντες
387 1172 520 1265 ἔχαιρόν
540 1203 578 1244 τε
600 1171 693 1265 αὐτῷ
714 1181 771 1247 καὶ
794 1165 898 1257 αὖθις
922 1177 1011 1261 πρὸς
1032 1178 1182 1264 πόλεμον
1203 1176 1292 1268 ἦτοι·

130 1283 299 1370 petauro).
346 1284 391 1352 Ut
418 1303 497 1350 vero
528 1283 625 1350 etiam
653 1283 747 1368 plebs
776 1283 820 1350 ad
851 1284 973 1350 bellum
1001 1285 1168 1367 incitetur,
1199 1284 1292 1351 initio

130 1388 211 1454 belli
233 1386 336 1454 dilato
358 1386 507 1452 fraudem
529 1385 620 1450 illam
641 1390 766 1468 parant,
790 1404 854 1468 que
876 1386 960 1450 intor
982 1385 1076 1451 ludos
1099 1386 1293 1452 instauratos

133 1489 301 1572 decipiant
327 1488 490 1554 Romanos
518 1492 617 1570 atque
639 1485 820 1569 adducant,
849 1494 885 1553 ut
906 1486 1096 1554 Volscorum
1126 1487 1235 1553 odium
1259 1489 1293 1554 in

132 1611 168 1659 se
195 1588 403 1657 inflamment.
448 1587 540 1667 Quae
570 1608 643 1655 oum
672 1587 719 1654 ita
746 1589 828 1670 sint,
855 1589 948 1654 nulla
974 1589 1072 1656 oredo
1101 1589 1293 1673 relinquitur

132 1691 313 1774 dubitatio,
347 1691 447 1774 quin
480 1690 752 1774 Plutarchus,
787 1691 978 1774 quoniam
1011 1709 1083 1757 neo
1116 1691 1293 1758 fortuito

132 1792 232 1862 fieri
253 1793 405 1877 potuit,
428 1799 469 1858 ut
491 1811 538 1858 oa
559 1793 600 1857 in
622 1811 664 1858 re
687 1812 773 1858 cum
789 1792 935 1860 (lessio
954 1793 1087 1858 Dione
1110 1800 1149 1859 et
1171 1793 1292 1860 Livio

133 1895 407 1978 consentiret,
441 1895 478 1960 in
508 1913 585 1978 qua
614 1913 685 1960 suo
715 1893 841 1961 Marte
871 1915 892 1962 a
921 1894 1126 1977 Dionysio
1156 1914 1292 1962 reces-

134 1998 282 2079 sisset,
328 2015 461 2079 neque
498 1996 583 2061 ulla
620 2014 705 2061 cum
741 1995 1046 2078 probabilitate
1083 1998 1293 2082 suspicari

132 2117 350 2184 possumus
383 2097 544 2164 Livium
591 2099 835 2180 ceteroquin
872 2097 921 2164 do
954 2095 1169 2164 Coriolani
1207 2099 1294 2164 vita

132 2202 347 2283 factisque
373 2200 496 2282 plane
531 2198 841 2282 discrepantem
874 2197 979 2265 hanc
1012 2217 1127 2264 unam
1156 2219 1294 2265 narra·
1390 2237 1395 2246 ·

132 2304 264 2370 tionis
299 2302 548 2385 particulam
585 2302 623 2368 ci
660 2301 975 2386 suppeditasse,
1013 2301 1139 2366 alium
1176 2319 1294 2383 quem

132 2411 344 2472 auctorem
365 2409 535 2486 praeter
558 2403 806 2487 Dionysium
827 2403 1110 2485 assumpserit.

222 2505 338 2589 Neque
366 2503 460 2570 deest
487 2503 550 2570 hoo
574 2505 647 2569 loco
669 2502 759 2572 alind
783 2501 948 2587 quoddam
971 2503 1104 2568 alterius
1126 2502 1225 2568 fontis
1249 2505 1295 2567 in-

133 2607 275 2690 dicium,
305 2604 410 2688 quod,
439 2605 496 2687 qui
518 2623 571 2671 me
594 2603 761 2689 hucusque
782 2603 961 2686 audiverit,
990 2604 1055 2668 iam
1077 2623 1142 2670 non
1164 2603 1298 2670 audebit

133 2710 222 2776 falsa
236 2707 502 2791 interpretatione
517 2707 656 2774 auferre.
686 2705 872 2789 Sequuntur
887 2705 972 2771 enirn
987 2707 1086 2787 paulo
1097 2706 1182 2771 infra
1195 2707 1298 2772 verba

136 2812 198 2876 illa
219 2807 395 2876 Plutarcho
417 2807 523 2875 fontes
548 2809 685 2874 mutanti
713 2807 941 2874 usitatissima:
967 2799 1086 2872 0Ἐνιοι
1109 2805 1146 2871 δέ
1171 2798 1298 2892 pcoov’,

133 2912 256 2996 quihus
288 2912 422 2978 alterius
455 2910 543 2976 illius
577 2909 743 2993 scriptoris
777 2909 954 2975 memoriae
987 2909 1137 2974 adiunxit
1171 2908 1298 2994 Diony-

135 3033 271 3082 suanam.

224 3117 274 3182 Ao
295 3114 377 3180 mihi
400 3112 531 3197 quidem
554 3111 617 3178 hoc
638 3129 702 3178 uno
724 3112 798 3177 loco
821 3129 1010 3193 persuasum
1035 3119 1083 3177 est
1103 3112 1178 3195 plus
1200 3131 1298 3178 unum

136 3222 306 3284 auctorem
320 3236 342 3282 a
355 3212 531 3282 Plutarcho
546 3211 729 3279 adhibitum
745 3231 828 3280 esse.
858 3213 903 3280 Ut
920 3220 1028 3280 tamen
1047 3220 1080 3279 et
1094 3213 1133 3295 is,
1156 3214 1212 3297 qui
1233 3233 1298 3280 uno

136 3323 329 3402 argumento
360 3336 429 3383 rem
458 3314 632 3382 diiudicari
659 3334 757 3399 posse
778 3321 894 3398 neget,
919 3315 1123 3380 dubitatione
1145 3315 1299 3380 liberetur

136 3439 247 3503 neque
276 3417 338 3484 hac
367 3419 470 3484 solum
493 3418 527 3482 in
555 3422 665 3500 parte,
693 3415 752 3482 sed
782 3436 842 3500 per
868 3422 970 3482 totum
993 3414 1159 3481 Plutarchi
1181 3416 1299 3482 librum

137 3521 274 3587 alterins
295 3519 394 3586 fontis
409 3519 549 3601 vestigia
570 3519 659 3584 cerni
680 3537 777 3601 posse
800 3519 936 3600 eluceat,
959 3518 1061 3584 multa
1082 3516 1229 3583 eiusdem
1250 3520 1299 3584 rei

141 3623 296 3707 exempla
317 3622 462 3706 proferro
484 3622 602 3704 placet.

228 3724 330 3789 Plut.
354 3721 440 3789 (lor.
464 3742 547 3806 cap.
571 3725 612 3788 33
639 3721 733 3800 (Sint.
757 3723 830 3804 450,
854 3723 895 3785 32
917 3723 1002 3805 sqq.)
1025 3722 1164 3805 Valeria,
1188 3723 1298 3790 Publi·

140 3825 236 3893 colae
251 3843 351 3906 soror,
368 3824 532 3892 Coriolani
547 3831 682 3891 matrem
698 3841 908 3906 uxoremque,
924 3830 959 3888 ut
973 3822 1017 3889 ad
1031 3824 1119 3890 illius
1134 3825 1214 3890 iram
1229 3828 1298 3910 pla·

140 3925 281 3994 caudam
303 3931 336 3992 et
356 3945 472 4010 pacem
495 3925 733 3993 conciliandam
755 3925 789 3990 in
803 3925 995 3992 Volscorum
1018 3931 1125 3993 cacha
1139 3936 1224 4013 eant,
1247 3928 1298 3997 his

140 4030 211 4096 fero
226 4027 336 4095 verbis
351 4045 556 4094 commovere
572 4027 693 4094 studet:
706 4020 863 4094 ‘Obsecro
879 4046 949 4107 ros,
964 4025 1119 4092 Marcium
1130 4027 1299 4094 nobiscnm

142 4129 270 4197 adeatis
299 4135 332 4196 et
354 4129 531 4214 imploretis
553 4130 743 4214 patriaeque
773 4129 938 4196 exsistatis
966 4133 1065 4196 testem
1094 4129 1298 4212 incorruptae
