3134 4986
335 399 398 458 388
784 401 908 470 Edgaros
928 401 1040 456 Martini

336 573 422 656 quod
456 572 596 638 adiciam
630 574 692 639 nisi
725 575 833 639 album
870 575 1028 640 calculum
1061 593 1113 640 me
1146 573 1287 640 tribuere
1315 575 1490 640 sententiae

335 673 499 758 Tanneryi
528 675 618 741 cuius
647 683 836 759 argumenta
864 681 930 741 tam
957 674 1068 741 valida
1089 673 1169 740 mihi
1192 675 1343 742 videntur
1365 682 1490 741 esseut

335 774 483 857 redargui
507 779 708 860 nequeant.¹)

420 878 464 942 At
492 885 590 961 negat
619 878 762 944 Blassius
792 877 813 941 l.
836 877 858 940 l.
888 896 920 961 p.
947 882 985 942 10
1019 879 1108 943 illam
1136 879 1289 962 temporie
1319 887 1431 945 notam
1453 879 1492 944 ad

335 979 506 1045 GemInum
542 981 721 1065 pertinere3
750 979 920 1063 potiusque
954 979 1157 1046 referendam
1187 986 1297 1047 censet
1329 981 1373 1046 ad
1409 981 1491 1047 Posi-

336 1079 466 1148 donium
498 1101 571 1147 cum
602 1102 643 1147 ex
667 1081 729 1147 hoc
750 1080 907 1147 Geminus
927 1074 1227 1148 ‘Introductionem'
1252 1101 1345 1148 suam
1370 1103 1491 1148 consar-

335 1185 501 1250 cinaverit.
525 1182 620 1262 Quod
635 1189 858 1268 argumentum
875 1182 968 1249 nihili
981 1190 1038 1266 est,
1052 1184 1211 1267 siquidem
1223 1183 1352 1250 Blaesio
1364 1185 1491 1250 minime

334 1286 469 1368 contigit
496 1292 531 1351 ut
553 1285 724 1352 Geminum
754 1286 861 1352 omnia
889 1305 947 1352 sua
969 1307 988 1351 a
1010 1285 1186 1352 Posidonio
1209 1285 1403 1352 suffuratum
1428 1305 1491 1352 esse

334 1387 578 1454 demonstraret.
623 1387 691 1453 Iam
716 1407 813 1470 supra
834 1407 893 1453 nos
916 1387 997 1453 duas
1019 1387 1157 1453 maiores
1180 1387 1400 1454 indicavimus
1414 1382 1493 1454 ‘Isa-

334 1486 451 1572 goges’
475 1495 584 1574 partes
608 1491 691 1572 (cap.
707 1489 779 1554 XII.
796 1489 876 1554 XIII
897 1490 994 1571 prior.
1017 1494 1099 1571 part.
1122 1487 1212 1568 XIV)
1234 1509 1319 1572 quae
1344 1509 1388 1556 ex
1411 1491 1493 1558 Posi-

334 1591 432 1658 donio
456 1597 542 1657 certo
565 1611 628 1656 non
651 1611 833 1657 manavere.
873 1589 996 1668 Quibus
1018 1590 1107 1656 sacili
1130 1610 1229 1674 opera
1252 1611 1324 1656 cum
1349 1594 1421 1658 alia
1443 1592 1492 1662 au-

333 1695 466 1778 qugere
488 1695 603 1778 possis,
627 1701 694 1758 tum
718 1713 801 1776 quae
824 1694 931 1776 agitur
953 1692 994 1757 de
1016 1692 1090 1758 lsiis
1106 1691 1319 1774 Aegyptiacis
1343 1693 1491 1777 disquisi-

332 1796 463 1862 tionem.
507 1795 591 1861 Nam
626 1803 675 1861 est
708 1802 796 1860 certa
829 1795 988 1877 quaedam
1024 1813 1122 1860 causa
1152 1813 1216 1877 qua
1245 1795 1286 1860 de
1316 1795 1490 1863 Posidonio

333 1905 464 1963 auctore
487 1898 630 1978 cogitare
652 1895 891 1980 prohibeamur.
926 1896 1055 1962 Gemini
1072 1897 1156 1961 euim
1173 1895 1352 1980 disputatio
1370 1903 1493 1980 spectat

333 1999 375 2066 ad
391 1999 615 2064 relutatIonem
632 2017 741 2063 eorum
757 1998 813 2080 qui
829 1995 985 2082 thernaq
996 1998 1074 2064 solis
1090 1999 1317 2064 conversiones
1329 2000 1363 2064 iu
1378 1997 1491 2064 festum

332 2099 429 2168 IsidIs
445 2100 587 2166 incidere
602 2101 810 2165 arbitrentur:
834 2100 866 2162 in
883 2118 1016 2182 quorum
1032 2119 1165 2166 numero
1182 2099 1380 2166 Posidonius
1397 2101 1493 2167 tuisse

333 2203 471 2268 videtur.
510 2203 582 2268 Hoc
603 2202 679 2268 inde
703 2201 859 2268 concludo
883 2201 970 2284 quod
993 2221 1132 2267 errorem
1156 2203 1247 2267 illum
1270 2221 1370 2286 qoem
1388 2203 1492 2268 Gemi·

332 2324 392 2371 nus
416 2305 561 2386 exagitat
582 2303 670 2387 apud
685 2301 846 2368 Achillem
870 2321 982 2368 secure
1004 2305 1175 2387 propagari
1200 2303 1298 2370 video
1314 2310 1349 2370 et
1364 2305 1493 2388 quidem

331 2407 404 2473 loco
428 2406 569 2490 quodam
589 2404 674 2488 (cap.
691 2404 805 2470 XXIII
819 2425 850 2488 p.
868 2405 909 2468 85
921 2397 1043 2472 ‘Uram’
1061 2405 1142 2482 Pet.)
1164 2425 1260 2489 quem
1284 2426 1326 2472 ex
1348 2406 1494 2472 Diodoro

333 2515 494 2593 sumptum
525 2527 596 2574 esse
618 2507 745 2574 Stoicus
772 2508 861 2572 color
883 2507 937 2584 (cf.
960 2508 1149 2591 praesertim
1172 2509 1194 2572 l.
1211 2509 1231 2572 l.
1256 2528 1288 2590 p.
1306 2510 1358 2590 85,
1378 2510 1494 2584 6-18)

332 2611 467 2678 adfatim
490 2609 594 2676 docet.
633 2610 732 2692 Atqui
754 2608 916 2674 Diodorus
939 2610 1115 2675 maximam
1132 2615 1257 2692 partem
1272 2608 1493 2674 Posidoniana

331 2714 465 2798 protulit
487 2714 538 2789 (cl.
562 2711 679 2778 Dielsii
699 2701 848 2793 ‘Doxog'
875 2731 907 2795 p.
926 2713 1065 2794 19sqq.).
1104 2710 1167 2789 Qui
1190 2712 1218 2777 si
1241 2710 1331 2796 apud
1354 2712 1491 2795 Apame-

332 2835 440 2883 ensem
474 2835 547 2880 eum
577 2832 716 2879 errorem
746 2811 801 2895 qui
830 2833 850 2877 a
879 2811 1016 2880 Gemino
1044 2811 1291 2896 reprehenditur
1320 2813 1491 2878 refutatum

332 2919 537 3002 repperisset,
564 2914 774 2982 vehementer
795 2915 908 2999 procul
934 2914 1033 2980 dubio
1056 2915 1177 2982 veritus
1200 2920 1286 2981 esset
1308 2933 1384 2980 eum
1407 2935 1492 2981 reeo-

333 3040 441 3103 quere.
486 3018 637 3102 Sequitur
667 3024 702 3082 ut
731 3016 905 3100 disputatio
935 3015 976 3082 de
999 3017 1072 3083 Isiis
1094 3017 1330 3099 Aegyptiorum
1355 3035 1441 3099 quae
1463 3018 1493 3080 in

329 3111 596 3187 ‘Introductione'
628 3119 746 3201 legitur
774 3139 794 3184 a
817 3117 991 3184 Posidonio
1020 3118 1238 3185 abiudieandu
1260 3119 1303 3184 sit
1326 3119 1493 3202 temporis·

335 3243 399 3308 que
429 3222 583 3288 indicium
614 3219 700 3302 quod
731 3238 772 3283 ex
795 3219 851 3285 illo
874 3220 946 3284 loco
967 3221 1109 3286 nascitur
1131 3221 1174 3286 ad
1196 3219 1410 3286 PosIdonium
1433 3239 1496 3284 nou

332 3326 530 3412 portlacae).
568 3323 615 3388 Re
640 3323 686 3386 ita
709 3327 895 3404 comparata
917 3319 999 3386 nihil
1014 3329 1063 3388 est
1078 3342 1135 3388 our
1149 3322 1229 3387 illud
1245 3341 1310 3387 non
1325 3321 1370 3387 ad
1388 3321 1495 3387 Gemi·

331 3446 408 3490 num
430 3425 614 3490 referamus.
660 3420 754 3500 Quod
775 3421 884 3488 facere
908 3443 1060 3506 cogemur
1082 3424 1176 3508 adeo,
1199 3425 1226 3490 si
1248 3425 1315 3489 alia
1338 3424 1498 3506 temporIa

419 3563 443 3624 1)
461 3558 609 3613 Voluntate
626 3556 654 3610 in
672 3553 895 3609 antecedentibus
914 3571 1062 3611 memorare
1080 3557 1158 3611 omIsi
1170 3554 1314 3610 Brandesii
1326 3561 1498 3609 commenta-

331 3643 433 3698 tionem
456 3657 526 3712 quae
539 3631 627 3697 ‘Uber
650 3641 699 3695 das
717 3639 846 3694 Zeitalter
871 3639 919 3696 des
936 3644 1117 3696 Astrouomen
1136 3640 1264 3695 Geminos
1281 3639 1339 3693 und
1357 3639 1409 3694 dea
1429 3640 1501 3694 Geo-

330 3728 453 3796 graphen
471 3721 613 3782 Eudonos²
633 3725 791 3779 inscribitur
810 3719 970 3789 (ch‘Iahrb.
984 3728 1029 3780 fur
1039 3726 1136 3780 Philol.
1149 3741 1175 3778 u.
1189 3716 1302 3790 Pudag’
1320 3725 1415 3793 suppl.
1430 3723 1500 3778 XIII

335 3817 423 3878 [1847]
440 3829 469 3882 p.
490 3817 538 3867 199
545 3814 622 3880 sqq),
640 3811 768 3877 quoniam
781 3809 935 3864 Boeclrhius
948 3812 964 3866 l.
978 3811 995 3864 l.
1015 3827 1041 3880 p.
1057 3816 1134 3879 lbsq.
1153 3809 1323 3864 futtilitetcm
1341 3809 1425 3864 iaetus
1445 3809 1499 3862 dis·

331 3898 482 3966 putationis
499 3897 652 3950 luculenter
670 3895 800 3962 coarguit.

419 3985 445 4047 2)
463 3979 565 4049 Quodsi
589 3985 729 4034 constaret
749 3972 907 4046 ‘Isagogen'
925 3979 1110 4035 Geminianam
1133 3995 1187 4034 non
1210 3985 1274 4032 ante
1293 3977 1374 4030 XXX
1400 3993 1426 4032 a.
1448 3978 1499 4032 Ch.

333 4072 388 4118 nat.
407 4079 507 4118 annum
525 4065 676 4118 conlectam
695 4077 755 4118 esse
773 4063 817 4128 (el.
830 4079 914 4132 supra
926 4080 953 4133 p.
968 4067 1039 4133 387),
1060 4063 1159 4119 Blaseii
1172 4061 1294 4132 opinatio
1307 4063 1421 4118 omnino
1441 4078 1499 4118 nou

329 4148 463 4218 indigeret
479 4148 651 4204 refutatione.
