3170 4984
313 375 376 433 226
791 377 856 433 octo
873 377 1001 434 fflcksch

313 549 496 633 duceretur,
518 568 580 616 nec
600 549 708 616 miuus
730 571 752 615 a
773 550 856 634 loco,
879 552 913 617 in
936 571 1033 636 quem
1056 571 1200 638 pugnam
1228 552 1486 637 uauspositurus

313 657 392 736 erat,
408 658 445 718 ut
455 650 498 717 ad
509 651 609 717 alium
621 670 718 734 quem
730 653 919 736 scriptorem
935 673 970 721 se
986 659 1176 721 convertere
1192 654 1290 720 etiam
1302 660 1486 738 cogeretur.

399 753 550 821 Ceterum
564 752 716 836 Dionysii
739 759 904 821 auctorem
928 754 1012 823 hanc
1034 775 1177 841 pugnam
1199 757 1273 825 loco
1295 775 1354 823 suo
1377 776 1486 824 remo-

312 857 400 923 visse
423 877 466 922 ex
489 875 528 923 eo
551 874 680 938 quoque
703 855 817 939 elucet,
841 857 928 940 quod
951 878 991 924 eo
1013 859 1096 938 loco,
1119 858 1363 938 ubiLivius(H
1380 859 1434 934 11)
1452 865 1488 925 et

312 956 505 1024 Plutarchus
512 960 551 1036 (c.
562 960 614 1036 17)
626 977 699 1023 eam
710 964 851 1041 nunant,
864 960 963 1026 etiam
975 959 1065 1044 apud
1077 959 1271 1044 Dionysium
1280 960 1381 1043 (th,
1392 963 1409 1023 1
1419 960 1485 1044 sq.)

312 1058 453 1126 hostium
469 1058 698 1142 praedationes
713 1059 880 1142 famesque
895 1061 1020 1128 Romae
1043 1061 1095 1129 his
1112 1061 1230 1128 effecta
1244 1063 1339 1145 quasi
1353 1081 1484 1128 reman-

311 1169 430 1228 serunt.
474 1161 560 1226 Nam
582 1160 769 1226 Porsennae
792 1162 911 1228 milites
934 1163 1131 1247 praedantes
1153 1169 1272 1230 terram
1295 1164 1485 1232 vastavisse

309 1265 407 1331 latius
431 1263 565 1348 exponit
587 1262 704 1329 eodem
733 1263 807 1330 loco
830 1264 943 1332 Livius
966 1267 1099 1349 (1111);
1127 1266 1223 1333 lamis
1249 1267 1371 1333 mentio
1394 1266 1485 1334 redit

311 1365 428 1433 eodem
443 1363 659 1431 Plutarcbeae
680 1366 875 1433 narrationis
897 1367 970 1435 loco
993 1371 1034 1445 (c.
1053 1372 1114 1443 17).
1156 1403 1159 1408 ·

396 1467 504 1534 Etiam
520 1466 603 1533 illud
618 1467 717 1534 liceat
732 1466 807 1534 huic
822 1471 1089 1551 quaestiunculae
1104 1469 1312 1537 subnectere:
1327 1469 1383 1536 vel
1398 1469 1483 1536 alte·

309 1572 377 1638 rius
399 1571 488 1638 illius
511 1570 673 1636 exereitus
689 1569 908 1652 Etruscorum,
933 1571 974 1637 de
991 1591 1055 1655 quo
1070 1591 1092 1637 a
1107 1572 1177 1638 solo
1193 1569 1369 1638 Plutarcho
1386 1591 1482 1638 acce

308 1674 426 1757 pimus,
449 1672 623 1755 vestigium
647 1669 813 1754 quoddam
834 1673 924 1756 apud
946 1673 1141 1757 Dionysium
1164 1671 1377 1756 deprehendi.
1416 1673 1483 1740 Hic

308 1777 395 1841 euim
418 1775 491 1840 loco
514 1772 611 1840 modo
640 1773 773 1839 laudato
796 1773 964 1841 Porsenna
985 1775 1166 1842 Ianiculum
1188 1781 1319 1842 tenente
1342 1773 1422 1842 Sex.
1448 1781 1483 1842 et

207 1939 210 1948 ,
309 1878 347 1943 Τ.
364 1876 559 1960 Tarquinios
576 1874 813 1958 Octaviumque
828 1877 1008 1944 Mamilium
1024 1897 1098 1946 cum
1120 1879 1187 1944 suis
1211 1879 1314 1962 copiis
1330 1878 1482 1944 Tiberim

308 1985 527 2060 transgressos
550 1977 583 2042 in
606 1977 710 2046 altera
732 1977 805 2062 ripa
826 1985 1035 2046 novocastro
1055 1980 1236 2046 munivisse
1258 1978 1366 2061 tradit,
1391 1980 1482 2047 unde

307 2081 418 2163 vagati
440 2099 537 2162 agros
559 2084 733 2146 vastarent

394 2180 462 2248 Sed
476 2181 637 2265 reliquum
653 2187 711 2264 est,
729 2186 763 2246 ut
778 2183 963 2266 exemplum
979 2183 1150 2268 proteram,
1167 2203 1232 2267 quo
1247 2182 1369 2248 nullum
1387 2183 1482 2249 aliud

306 2285 423 2352 mellus
446 2284 563 2350 doceat
585 2289 750 2350 auctorem
775 2284 925 2369 Dionysii
948 2306 991 2351 ex
1014 2305 1054 2352 ea
1082 2286 1266 2353 narratione
1295 2284 1481 2368 protectum

308 2407 389 2470 esse,
414 2405 512 2470 quam
534 2404 619 2450 nune
634 2384 827 2452 Plutarchus
851 2385 995 2472 exhibet,
1018 2389 1089 2454 sive
1110 2387 1216 2472 ipsum
1230 2386 1398 2452 Antiatem
1420 2387 1481 2454 ille

306 2491 445 2572 scriptor
466 2487 560 2568 adiit,
583 2486 653 2552 sive
677 2505 719 2551 ex
743 2505 782 2552 eo
805 2485 894 2554 fonte
917 2487 1035 2573 hausit,
1059 2509 1102 2555 ex
1116 2509 1180 2573 quo
1195 2489 1312 2554 Antias
1335 2507 1480 2572 quoque,

305 2593 396 2657 nulla
407 2587 476 2655 fere
487 2607 523 2654 re
535 2594 668 2670 mutata,
681 2607 741 2654 sua
752 2589 922 2670 petiverat.
945 2590 1139 2658 Plutarchus
1151 2611 1179 2657 c.
1191 2591 1325 2673 murco,
1336 2592 1480 2668 rte-22)

305 2694 342 2758 P.
367 2692 531 2758 Valerium
561 2691 763 2758 Publicolam
793 2692 832 2756 Τ.
854 2691 1040 2759 Lucretium
1073 2693 1223 2760 consules
1256 2691 1480 2760 audacissime

304 2801 487 2880 pugnantes
510 2799 558 2860 tot
580 2793 716 2858 vulnera
737 2794 904 2877 accepisse
926 2795 1041 2877 relert,
1071 2800 1107 2860 ut
1137 2795 1276 2860 coniecti
1299 2814 1318 2860 e
1347 2795 1478 2877 proelio

304 2897 465 2982 asportari
477 2894 634 2970 deberent
644 2887 734 2978 (ἄχρι
750 2886 789 2959 οὗ
800 2891 971 2979 τραύμασι
983 2905 1147 2971 νεανικοῖς
1159 2891 1357 2978 περιπεσὼν
1373 2887 1479 2960 ἀττε-

303 3001 496 3082 κομίσθη
514 2993 707 3082 φοράδην
731 2993 773 3060 ἐκ
794 2995 1038 3082 τῆςμάχης).
1068 2997 1160 3064 Idem
1176 2999 1259 3081 legis
1275 2996 1365 3082 apud
1378 2997 1478 3064 Dion.

303 3102 331 3166 V
349 3104 400 3184 23,
418 3104 433 3166 1
451 3119 517 3165 uon
533 3097 575 3164 P.
590 3099 719 3168 Valerio
742 3099 781 3166 Τ.
794 3099 954 3183 Lucretio,
978 3099 1038 3166 sed
1055 3099 1100 3166 M.
1112 3099 1243 3170 Valerio
1267 3101 1305 3166 Τ.
1322 3099 1478 3166 Lucretio

303 3202 463 3271 accidisse
485 3203 706 3282 (τραυματίας
735 3193 1116 3282 ἀποκομισθέντας
1144 3197 1186 3265 ἐκ
1213 3202 1284 3288 τῆς
1309 3197 1477 3288 μάχης),

302 3305 375 3384 Quo
388 3305 460 3389 ipso
474 3302 671 3388 discrimine,
685 3302 772 3386 quod
784 3303 867 3370 inter
878 3304 1010 3370 nomina
1022 3303 1202 3385 intercedit,
1215 3302 1378 3386 doeemur,
1397 3323 1478 3387 quo·
1575 3299 1576 3325 ¹

302 3407 401 3474 modo
423 3405 515 3490 haec,
539 3423 637 3488 quarn
653 3405 830 3490 Dionysius
848 3405 966 3487 reddit,
990 3404 1147 3472 memoria
1170 3424 1211 3470 ex
1227 3405 1368 3471 Antiatis
1392 3407 1477 3472 rela-

301 3511 390 3576 tione
412 3509 499 3576 iacta
521 3507 572 3574 sit.
617 3505 794 3591 Dionysius
818 3507 903 3574 euim
925 3508 1059 3592 eiusque
1081 3512 1194 3576 auctor
1216 3527 1280 3572 uon
1309 3527 1369 3592 per
1392 3507 1477 3576 duos

302 3631 405 3680 annos
426 3610 549 3678 bellurn
572 3629 645 3678 curu
667 3607 812 3678 Etruscis
833 3615 960 3694 gestum
982 3628 1054 3678 esse
1077 3610 1199 3691 volunt,
1223 3617 1259 3676 ut
1279 3608 1476 3678 Plutarchus
1574 3621 1575 3662 l

301 3712 465 3778 Antiatem
494 3717 638 3791 secutur,
667 3710 727 3778 ssd
756 3711 877 3777 bellum
907 3718 940 3778 et
967 3716 1119 3795 coeptum
1141 3717 1174 3776 ct
1196 3711 1378 3778 contectum
1400 3729 1476 3778 ¹esse

302 3814 339 3879 P.
363 3813 535 3879 Valerio
565 3813 787 3879 Publicola
816 3813 858 3878 li.
881 3813 1081 3880 Horatio
1115 3812 1311 3879 consulibus.
1364 3811 1477 3891 Quare

302 3909 450 3998 scriptor',
473 3933 570 3997 quem
594 3913 771 3998 Dionysius
794 3921 923 3982 secutus
946 3923 1005 3998 est,
1028 3915 1103 3981 illos
1126 3915 1275 3982 consules
1297 3921 1389 3982 tauta
1410 3915 1476 3980 lor·
1573 3923 1574 3978 ὲ

301 4015 440 4084 titudine
455 4015 600 4098 insigues
622 4016 656 4082 iu
670 4035 763 4084 suam
778 4017 995 4085 narrationem
1010 4017 1156 4102 recipere
1172 4035 1237 4084 non
1253 4017 1317 4084 iam
1334 4022 1475 4100 poterat

300 4117 344 4184 At
367 4123 475 4184 tamen
489 4117 627 4188 nitidam
649 4114 804 4188 fabellam
827 4137 899 4186 oum
916 4119 1064 4188 omittere
1087 4118 1198 4202 nollet,
1221 4138 1263 4186 ue
1285 4118 1475 4189 nominibus
