3134 4986
145 366 219 435 Quae
236 367 306 422 ratio
323 367 475 422 intercedat
492 365 564 422 inter
575 365 728 422 Vitruvium
746 371 773 421 et
784 363 955 422 Athenaeum
971 365 1167 422 mechanicum.
1204 364 1265 424 321

112 538 266 606 distantes
281 540 364 606 inter
386 559 422 606 se
443 538 522 626 1ς-;-,
545 560 644 624 supra
666 559 721 607 eos
745 540 852 607 trabes
876 534 1106 606 circumclusae
1122 539 1264 606 contine·

110 642 188 708 baut
209 648 308 708 totam
331 645 588 726 compactionem
610 643 697 710 latae
720 641 804 727 pede
827 645 903 726 I÷,
934 659 1062 708 crassae
1084 650 1147 726 3÷,
1169 661 1267 725 supra

111 763 182 811 eam
212 745 354 829 capreoli
384 745 623 812 extollebantur
650 744 822 811 altitudine
850 745 970 830 pedum
996 747 1070 828 XII,
1094 767 1192 832 supra
1214 766 1266 813 ca·

109 846 238 930 preolos
276 847 399 930 tignum
440 847 641 915 conlocatum
676 847 892 930 coniungebat
925 847 1147 932 capreolorum
1180 868 1265 915 com·

109 949 284 1032 pactiones.

193 1169 276 1236 Item
291 1167 358 1236 fixa
373 1168 553 1238 habuerant
567 1172 719 1238 lateraria
737 1173 770 1238 in
791 1179 975 1240 transverso
997 1171 1113 1256 quibus
1135 1173 1266 1257 insuper

109 1272 327 1338 contabulatio
350 1271 549 1339 circumdata
571 1275 764 1357 contegebat
786 1273 949 1341 inferiora.

192 1491 362 1560 Habuerat
375 1501 483 1562 autern
498 1494 640 1562 mediam
655 1495 949 1563 contabulationem
965 1516 1063 1580 supra
1076 1495 1265 1562 *nubeculas

107 1593 162 1660 ubi
184 1595 371 1679 scorpiones
394 1603 427 1662 et
449 1598 632 1681 catapultae
655 1597 914 1666 conlocabantur.

192 1714 409 1798 ldrigebantur
575 1721 578 1729 ’
678 1723 711 1784 et
732 1719 908 1786 arrectaria
930 1718 994 1786 duo
1018 1721 1187 1802 compacta
1208 1737 1263 1802 pe·

107 1814 183 1882 dum
204 1817 384 1901 XXXXV,
411 1818 624 1886 crassitudine
645 1819 876 1905 sesquipedali,
899 1821 1070 1887 latitudine
1092 1819 1212 1905 pedum
1234 1819 1267 1884 ll

107 1921 182 1996 tlon
200 1921 300 2004 3÷i),
324 1921 494 1988 coniuncta
510 1921 670 2005 capitibus
686 1923 919 1988 transversario
936 1911 1110 2002 cardinato
1121 1922 1211 2006 tigno
1235 1927 1267 1987 et

106 2023 208 2090 altero
225 2021 377 2210 mediano
392 2023 476 2089 inter
489 2017 608 2104 (duos)
622 2042 738 2106 scapos
752 2021 937 2106 <cardinato
961 2031 994 2092 et
1015 2025 1130 2092 lamnis
1152 2024 1266 2090 ferreis

106 2126 243 2209 religato
263 2173 271 2190 .

192 2243 266 2324 Quo
295 2245 426 2328 iusuper
454 2244 622 2310 conlocata
651 2249 720 2310 crat
752 2246 902 2312 materies
936 2246 1019 2312 iuter
1051 2245 1185 2330 <scapos
1218 2245 1267 2330 et>

107 2347 342 2413 transversaria
370 2345 505 2412 traiecta
526 2341 676 2428 <alternis
699 2344 856 2412 cheloniis
879 2353 912 2413 et
933 2349 1111 2414 anconibus
1133 2347 1267 2414 firmiter

107 2447 259 2532 inclusa).
304 2449 341 2513 In
371 2467 411 2514 ea
432 2447 569 2513 materia
596 2447 724 2513 fuerunt
752 2467 794 2514 ex
824 2453 916 2514 torno
944 2447 1022 2516 facti
1048 2450 1171 2516 axiculi
1200 2449 1265 2516 duo

108 2569 126 2616 e
149 2551 267 2634 quibus
290 2551 382 2616 tunes
405 2549 532 2633 alligati
553 2548 735 2614 retinebant
756 2549 900 2616 arietem.

192 2875 294 2952 Supra
309 2878 404 2952 eaput
419 2891 527 2936 eorum
545 2873 599 2954 qui
622 2873 824 2936 confinebant
845 2874 979 2936 arietem
1001 2874 1041 2953 (i)
1064 2875 1266 2943 conlocatum

108 2982 176 3041 erat
190 2977 336 3060 pluteum
352 2976 525 3042 turriculae
547 2975 759 3041 similitudine
782 2982 939 3060 ornatum,
962 2977 1008 3044 uti
1031 2977 1101 3044 siue
1123 2978 1267 3060 periculo

107 3074 208 3163 (duo)
236 3078 356 3144 milites
385 3082 454 3143 tuto
483 3082 604 3143 stantes
633 3077 820 3160 prospicere
849 3085 982 3161 possent
1015 3085 1047 3142 et
1075 3081 1266 3160 renuntiare,

109 3198 184 3260 quas
213 3199 265 3242 rer
295 3179 469 3242 adversarii
498 3184 693 3242 conarentur.
744 3179 838 3246 Aries
867 3187 975 3247 autem
1005 3182 1074 3249 eius
1109 3180 1268 3248 habuerat

108 3280 342 3366 longitudinem
364 3281 484 3366 pedum
508 3280 660 3347 CLXXX
667 3331 676 3366 ,
705 3281 876 3348 latitudine
899 3283 932 3347 iu
955 3285 1020 3348 imo
1043 3281 1266 3367 palmipedali,

109 3384 321 3451 crassitudine
337 3384 448 3467 pedali
465 3385 493 3463 (i
509 3403 549 3446 aa
564 3384 684 3468 pedum
700 3383 779 3467 Ili),
800 3391 964 3451 contractu
980 3405 1001 3450 a
1016 3385 1122 3470 capite
1137 3386 1171 3450 in
1194 3386 1266 3451 lati·

109 3485 220 3552 tudine
243 3486 347 3570 pedis,
371 3486 584 3553 crassitudine
609 3506 670 3566 ;÷.

193 3606 226 3673 Is
254 3611 362 3672 autern
391 3606 477 3672 aries
506 3604 663 3673 habuerat
689 3607 731 3673 de
753 3605 838 3674 ferro
861 3605 942 3672 duro
965 3613 1119 3690 rostrum,
1149 3606 1196 3672 ita
1217 3606 1265 3671 uti

109 3726 210 3774 naves
227 3709 344 3790 longae
359 3709 465 3775 solent
479 3706 610 3793 habere,
973 3714 1005 3776 et
1020 3727 1061 3774 ex
1073 3710 1144 3792 ipso
1159 3713 1263 3774 rostro
1381 3725 1382 3728 ’

110 3811 282 3877 lamminae
293 3811 417 3877 ferreae
429 3809 494 3876 IIII
505 3810 631 3876 circiter
642 3809 763 3894 pedum
774 3810 836 3878 XV
847 3811 932 3879 fixae
944 3810 1110 3878 fuerantin
1119 3809 1263 3875 materia.

194 3913 224 3978 A
254 3913 361 3996 capite
390 3918 497 3979 autem
526 3913 569 3978 ad
597 3913 697 3978 imam
720 3913 843 3979 calcem
866 3914 948 3997 tigni
970 3912 1110 3980 conteuti
1138 3911 1266 3977 fuerunt

109 4012 202 4080 funes
213 4013 261 4080 ΙΙΙ
273 4014 484 4082 crassitudine
496 4014 670 4098 digitorum
683 4012 759 4079 VIIl
772 4014 838 4098 <ita
852 4015 981 4098 religati
997 4010 1267 4098 quemadmodum

110 4116 186 4181 navi
208 4136 229 4182 a
251 4116 353 4200 puppi
375 4114 419 4182 ad
441 4135 569 4200 proram
597 4112 814 4200 continenter)
