3198 4974
251 401 294 456 De
311 399 435 456 fontibus
454 397 578 468 Dionysii
594 393 844 456 Hdiemnassersa
863 393 1036 464 quaestiones
1054 393 1152 448 variae.
1218 390 1281 451 ade

210 576 255 646 At
275 573 418 642 nondum
442 569 616 640 difficultas
639 576 708 636 tota
724 574 773 635 est
788 568 953 652 expedite.
988 565 1160 644 Quaeritur
1183 566 1280 648 enim,

126 679 182 763 qui
203 678 323 746 factum
346 676 404 760 sit,
433 679 469 742 ut
490 670 683 741 Plutarchus
711 671 785 742 aliis
815 669 1014 753 temporibus
1044 689 1083 736 ac
1105 668 1282 752 Dionysius

125 761 263 864 primam
292 777 406 846 Marcii
435 775 585 844 militiam
613 773 799 842 asoriheret.
852 771 968 838 Patent
995 769 1096 853 dnae,
1127 777 1282 857 quantum

125 882 240 966 video,
269 881 362 965 viae,
391 877 508 962 quibus
530 875 695 960 progressi
717 875 853 942 forsitan
875 893 943 940 rem
971 873 1156 957 perspicere
1178 875 1282 957 possi·

126 1003 207 1052 mus.
252 983 301 1050 Ao
322 983 461 1067 primum
482 976 616 1061 quidem
638 995 742 1060 prona
764 981 814 1042 est
828 976 1013 1044 coniectura
1034 994 1090 1046 eas
1113 995 1175 1058 res,
1199 995 1283 1059 quae

127 1103 324 1168 quamquam
346 1103 411 1148 non
434 1099 545 1148 omnes
568 1079 657 1163 apud
678 1086 849 1162 utrumqne
867 1077 1058 1160 scriptorem
1080 1079 1152 1161 pari
1174 1078 1283 1162 modo,

126 1185 185 1254 sed
207 1187 326 1271 partim
347 1181 436 1268 apud
451 1181 669 1265 Plutarchum,
692 1181 810 1265 partim
832 1179 921 1263 apud
944 1179 1138 1264 Dionysium
1153 1179 1284 1248 tradun-

126 1294 193 1372 tur,
223 1289 258 1353 in
279 1307 376 1354 unam
399 1292 507 1353 tamen
528 1284 718 1350 memoriam
741 1284 892 1352 videntur
915 1282 1082 1349 conciliari
1104 1301 1216 1366 posse,
1244 1301 1285 1348 ex

127 1389 244 1458 codem
261 1388 404 1456 haustas
431 1403 503 1456 esse
532 1385 630 1452 fonte.
676 1383 771 1463 Quod
794 1386 822 1452 si
844 1403 956 1451 verum
979 1389 1080 1465 esset,
1106 1385 1148 1450 ab
1172 1383 1286 1452 eodem

126 1498 259 1558 auctore
288 1489 480 1558 Plutarchus
509 1487 730 1570 septendecim
758 1489 832 1554 illos
861 1506 962 1552 annos
991 1507 1011 1551 a
1034 1485 1193 1570 Dionysio
1222 1505 1287 1552 non

126 1593 353 1678 suppeditatos
364 1590 555 1676 accepisset,
572 1608 668 1672 quem
684 1596 812 1661 secutus
829 1589 1006 1673 Dionysius
1021 1589 1159 1672 primam
1176 1587 1286 1654 Corio·

126 1696 196 1763 lani
219 1695 368 1763 militiam
390 1691 434 1758 ad
457 1691 577 1776 primos
600 1691 655 1756 vel
677 1692 816 1775 primum
831 1692 1031 1777 reipublicae
1053 1711 1172 1756 annum
1194 1710 1288 1757 revo-

125 1798 280 1866 cavisset.
326 1794 393 1862 Sed
414 1794 578 1877 quoniam,
602 1792 664 1860 hoc
686 1795 714 1860 si
736 1800 823 1860 recte
845 1794 1059 1876 posuerimus,
1081 1812 1187 1877 neque
1209 1793 1287 1859 Dio·

126 1901 258 1984 nysium
294 1917 399 1981 neque
436 1897 573 1964 alterum
611 1896 701 1962 illum
734 1903 897 1964 auctorem
934 1902 1062 1963 secutus
1096 1893 1288 1962 Plutarchus

128 2002 270 2085 primum
286 1999 450 2068 Coriolani
466 1999 606 2064 militare
629 1998 754 2066 facinus
769 2018 899 2083 pugnae
913 1999 1092 2083 Regillensi
1114 1998 1288 2064 inseruisse

127 2109 253 2190 potest,
289 2101 333 2168 ad
369 2101 498 2168 tertium
535 2101 678 2182 aliquem
712 2101 834 2166 fontem
867 2100 1035 2168 Plutarchi
1071 2101 1165 2167 nobis
1203 2106 1289 2167 esset

127 2203 395 2290 profugiendum,
429 2203 493 2268 nisi
520 2203 603 2268 forte
632 2204 734 2274 sumis
764 2202 973 2269 Plutarchum
1004 2203 1154 2286 Dionysii
1188 2202 1290 2269 verba

127 2326 214 2390 quae
231 2311 304 2372 sunt
316 2295 387 2370 ‘dre
403 2299 482 2380 τοὺς
504 2296 857 2386 recalescentem&
882 2306 965 2372 falso
987 2305 1029 2371 de
1051 2324 1162 2388 pugna
1180 2303 1288 2386 Regil-

128 2409 213 2476 lensi
236 2409 480 2492 interpretatum
503 2425 585 2476 esse.
619 2406 663 2472 At
678 2406 758 2474 mihi
781 2407 913 2489 quidem
936 2407 1040 2490 magis
1062 2404 1184 2472 arridet
1206 2403 1290 2470 hace

130 2509 319 2594 explicandi
334 2511 430 2575 ratio:
454 2507 602 2591 suspicor
617 2508 650 2574 in
672 2509 774 2576 altero
790 2507 957 2574 Plutarchi
979 2509 1068 2574 fonte
1085 2506 1289 2592 praeclarum

128 2613 211 2681 illud
230 2611 393 2680 Coriolani
415 2611 551 2694 lacinus,
574 2610 662 2694 qnod
684 2611 881 2695 aDionysio
903 2610 1028 2692 primae
1043 2608 1208 2676 Coriolani
1231 2608 1290 2674 mi·

128 2716 221 2783 litiae
237 2715 425 2782 attributum
439 2713 588 2795 legimus,
611 2713 654 2778 ad
669 2733 812 2797 pugnam
834 2714 1054 2796 Regillensem
1076 2713 1175 2780 faisse
1198 2729 1292 2777 revo-

130 2824 249 2886 catum.
294 2814 383 2894 Quas
407 2813 488 2881 duas
511 2815 685 2882 relationes
708 2815 911 2899 Plutarchus,
935 2822 1105 2898 utrumque
1126 2820 1291 2880 auctorem

125 2927 262 2990 secutus
294 2953 337 2964 -
371 2918 535 2999 congessit
568 2919 671 3001 enim,
705 2925 740 2984 nt
774 2920 884 3005 priora
918 2917 1073 2984 historiae
1106 2915 1292 2982 Marcianas

132 3029 282 3106 tempora
307 3037 404 3104 quam
430 3020 572 3086 maxime
592 3022 749 3105 expleret,
772 3041 857 3104 quae
876 3020 929 3087 hie
951 3021 1020 3086 illie
1041 3023 1228 3104 reppererat
1250 3051 1292 3062 -

132 3123 166 3188 in
195 3142 294 3190 uuam
322 3121 466 3188 fabulam
496 3121 626 3189 videtur
653 3125 847 3191 conexuisse
870 3127 953 3208 (cap.
977 3124 1019 3200 3).
1063 3123 1132 3187 Iam
1157 3140 1230 3186 cum
1253 3137 1292 3185 eo

132 3225 362 3308 processisset,
392 3231 428 3289 ut
456 3223 622 3290 Coriolani
650 3225 782 3310 repulsa
805 3225 990 3292 consulatus
1012 3223 1175 3290 narranda
1197 3228 1294 3302 esset,

133 3327 251 3392 iterum
279 3326 362 3392 alter
390 3325 447 3394 ille
476 3333 587 3394 auctor
616 3325 751 3392 tradidit
778 3328 844 3392 iam
867 3325 1087 3410 septendecim
1110 3345 1169 3408 per
1191 3344 1293 3391 annos

132 3445 236 3511 usque
266 3426 310 3494 ad
332 3428 414 3496 illud
436 3434 564 3511 tempus
587 3427 742 3494 Marcium
765 3429 883 3494 militia
904 3429 1049 3495 iunctum
1070 3447 1153 3495 esse.
1198 3425 1293 3505 Quod

133 3529 229 3612 item,
258 3536 294 3596 ut
316 3529 467 3613 Dionysii
489 3529 706 3597 narrationem
729 3531 911 3615 suppleret,
935 3533 968 3595 in
991 3549 1061 3613 cap.
1087 3533 1126 3593 15
1149 3528 1295 3614 prodidit

133 3631 260 3698 ratione
282 3651 348 3698 non
369 3631 482 3698 hahita
504 3652 578 3698 cnm
600 3632 706 3716 primo
729 3632 786 3698 illo
807 3632 973 3700 Coriolani
994 3631 1139 3697 facinore
1160 3631 1294 3696 militari

133 3733 168 3802 in
186 3753 298 3816 pugna
312 3733 492 3816 Regillensi
513 3735 600 3800 facto
623 3733 773 3800 militiam
796 3735 1017 3818 septendecim
1040 3753 1195 3800 annorum
1217 3753 1292 3800 eon·

134 3835 240 3902 ciliari
262 3855 327 3902 non
348 3855 454 3918 posse.

221 3936 338 4020 Neque
363 3936 417 4003 hie
442 3938 762 4021 praetermittendum
786 3957 902 4004 censeo
925 3957 996 4020 cap.
1022 3940 1061 4002 15
1084 3938 1183 4004 etiam
1204 3935 1295 4002 alind

136 4037 309 4122 indicium,
340 4040 489 4122 quamuis
517 4059 576 4123 per
604 4059 641 4106 sc
664 4038 753 4106 hand
775 4040 853 4106 satis
875 4059 975 4122 grave
998 4038 1117 4123 ducas,
1145 4038 1296 4121 inveniri,
1391 4065 1392 4068 ¹

136 4139 223 4208 unde
248 4141 422 4208 concludas
444 4141 580 4207 alterum
603 4147 732 4225 praeter
755 4140 946 4223 Dionysium
969 4141 1091 4208 iontem
1112 4139 1295 4206 adhibitum
