3198 4974
300 395 361 456 182
775 389 840 448 Otto
857 389 986 448 Bocmob

381 567 554 634 Constat
593 565 737 648 igitur,
778 583 881 646 quae
913 561 1159 630 Plutarchus
1193 569 1372 645 enarrat,
1414 579 1464 628 cx

294 668 454 738 Valerii
475 667 691 737 annalibus
714 664 911 749 originem
934 664 1125 730 traxisse.
1168 661 1207 728 ld
1229 668 1338 730 tamen
1359 681 1464 748 nuper

293 770 328 840 in
350 769 583 838 dubitationem
606 772 758 836 vocatum
780 773 845 850 est,
874 766 997 832 utiam
1020 767 1288 847 commemoravi,
1310 784 1399 832 uum
1420 781 1463 830 re

295 869 655 939 veraPlutarchus
670 870 762 953 ipse
777 867 986 935 Valerium
1008 866 1204 944 adierit.¹)
1242 864 1348 944 Quam
1368 864 1461 932 dubi·

295 975 450 1042 tationem
483 991 548 1042 non
575 973 681 1040 solum
710 969 800 1054 nullo
829 969 1048 1038 inremotam
1077 987 1150 1036 esse
1178 967 1463 1036 dissertatiuncula

295 1074 618 1150 commentationibus
652 1074 686 1140 iu
719 1071 877 1140 honorem
904 1070 1009 1154 Lipsii
1042 1089 1144 1154 nuper
1178 1068 1275 1138 editis
1306 1069 1461 1144 inserta²l

295 1179 535 1248 demonstrasse
563 1173 645 1242 mihi
674 1173 806 1256 videor,
834 1170 894 1240 sed
923 1173 1022 1240 etiarn
1051 1192 1146 1256 spero
1176 1172 1285 1240 multis
1315 1190 1368 1238 mc
1389 1189 1461 1254 per-

296 1282 437 1350 suasisse
459 1297 575 1361 reapse
590 1274 808 1346 Plutarchi
826 1274 1074 1343 Publicolae
1095 1274 1218 1342 vitam
1241 1274 1353 1340 nullo
1376 1273 1461 1340 alio

296 1376 771 1454 auctoreintercedente
794 1377 1015 1444 exValerii
1037 1376 1253 1444 annalibus
1276 1375 1461 1442 fluxisse.

382 1482 450 1550 Scd
480 1483 579 1550 liceat
611 1480 693 1546 mibi
727 1479 781 1545 hic
814 1480 897 1546 alias
931 1479 1192 1564 quaestiunculas
1226 1476 1386 1562 quasdam
1420 1475 1463 1542 de

296 1585 460 1656 nonnullis
482 1583 563 1650 locis
585 1582 669 1650 Plut.
694 1582 787 1650 Publ.
810 1582 962 1666 inserere,
989 1600 1073 1664 quac
1095 1581 1222 1646 tametsi
1244 1579 1287 1646 ad
1311 1577 1463 1662 Dionysii

296 1689 403 1758 fontes
431 1684 681 1770 perscrutandos
708 1684 843 1751 minoris
865 1690 939 1750 suut
959 1684 1131 1764 momenti,
1159 1689 1268 1750 tamen
1289 1700 1353 1748 non
1376 1681 1464 1746 itaa

296 1810 331 1856 re
348 1808 445 1874 quam
461 1788 587 1870 agimus
602 1787 730 1854 alienae
746 1784 907 1870 videntur,
930 1790 1042 1870 utpote
1058 1803 1141 1870 quae
1156 1784 1312 1852 scientiae
1333 1788 1463 1850 nostrae

296 1891 462 1960 annalium
478 1888 670 1972 scriptorum
685 1889 904 1956 Romanorum
919 1887 1128 1970 rationisque,
1151 1905 1217 1969 qua
1230 1885 1313 1952 alter
1328 1886 1463 1952 alterum

297 1992 479 2078 respexerit
500 1991 622 2074 quique
643 1990 801 2074 paulatim
825 1991 957 2060 laumas
979 1990 1140 2058 creverint
1162 1995 1195 2054 et
1216 1987 1367 2054 excultae
1389 1987 1463 2069 sint,

296 2093 534 2178 aliquantulum
548 2091 699 2159 adiciant.
737 2093 821 2158 Tum
837 2099 946 2160 autem
968 2110 1097 2176 semper
1119 2110 1192 2158 cum
1214 2090 1327 2172 aliqua
1349 2089 1463 2174 volup·

297 2203 364 2266 tate
393 2216 454 2264 nco
482 2195 552 2262 sine
580 2193 686 2262 fructu
715 2199 793 2278 puto
824 2194 857 2260 in
885 2193 1051 2260 Plutarchi
1079 2199 1228 2260 auctores
1257 2190 1464 2260 exscribendi

297 2299 456 2364 rationem
472 2303 505 2363 et
519 2296 613 2361 varia
627 2295 764 2361 frustula
779 2294 997 2377 coniungendi
1015 2295 1143 2376 inquiri.
1177 2291 1351 2370 Quaeritur
1366 2295 1464 2376 enim,

297 2405 404 2465 utrum
443 2398 476 2463 in
510 2398 558 2465 eis
591 2395 672 2464 locis
703 2388 934 2478 ‘Publicolae',
974 2396 1030 2462 ubi
1063 2403 1097 2461 et
1129 2415 1172 2462 cx
1204 2415 1354 2464 sermone
1389 2396 1463 2460 Plu·

298 2498 410 2569 tarcho
426 2499 545 2567 usitato
565 2507 597 2565 et
619 2518 662 2566 ex
683 2498 903 2566 narrationum
925 2503 1041 2566 natura
1061 2503 1159 2582 atque
1182 2497 1293 2566 indole
1315 2497 1464 2566 diversas

298 2603 501 2670 diversorum
516 2609 683 2670 auctorum
697 2601 871 2670 memorias
894 2605 1062 2668 contextas
1086 2619 1158 2667 esso
1180 2600 1336 2686 colligere
1357 2600 1464 2680 malis,

298 2724 334 2772 re
367 2723 446 2770 vera
474 2705 596 2772 fontem
617 2703 810 2772 Plutarchus
839 2702 986 2783 mutarit,
1020 2721 1063 2766 an
1091 2701 1252 2768 interdum
1279 2703 1343 2768 iam
1375 2702 1464 2786 apud
1586 2701 1587 2738 ³

298 2812 464 2874 auctorem
491 2825 585 2872 suum
614 2805 723 2872 varias
752 2806 926 2874 relationes
949 2803 1136 2872 coniunctas
1157 2803 1213 2870 vel
1235 2803 1384 2872 diversas
1406 2805 1463 2870 im·

298 2914 458 2994 pugnatas
481 2908 650 2976 invenerit

386 3006 459 3088 Qua
481 3009 514 3074 in
536 3029 572 3076 rc
592 3009 705 3092 miror,
729 3007 817 3092 quod
839 3007 972 3074 Mtlnner
993 3008 1014 3073 l.
1038 3008 1059 3072 l.
1082 3026 1113 3092 p.
1133 3011 1172 3072 10
1196 3005 1276 3073 dicit
1298 3006 1465 3074 Valerium

299 3111 475 3193 Antiatem,
488 3103 730 3192 ‘gravissimum
742 3109 908 3178 Plutarchi
922 3117 1087 3176 auctorem
1103 3127 1175 3176 csse
1190 3109 1245 3189 ita,
1269 3115 1304 3176 ut
1318 3110 1351 3178 ei
1365 3109 1464 3176 etiam
1586 3091 1587 3184 ι

387 3295 412 3360 1)
430 3287 736 3357 Reussins,‘de1ubae
754 3293 826 3361 rogis
844 3293 959 3348 historia
976 3293 1101 3348 Romana
1118 3307 1136 3347 a
1153 3291 1303 3346 Plutarcho
1322 3284 1465 3361 expressa’

303 3377 483 3447 comprobare
494 3376 585 3432 studet
596 3376 776 3432 Plutarchum
792 3393 849 3436 nou
866 3393 901 3432 ex
917 3377 979 3446 ipso
992 3377 1111 3443 Valerio,
1130 3377 1179 3432 sed
1196 3392 1231 3432 ex
1248 3377 1333 3431 Iubae
1350 3377 1467 3432 historia
1586 3393 1587 3452 ι

238 3479 239 3483 ’
301 3477 409 3520 omnem
425 3461 600 3518 Valeriam
621 3478 711 3520 rerum
728 3462 914 3518 Romanarum
936 3462 1092 3518 maneriam
1110 3477 1167 3518 uua
1184 3478 1247 3518 cum
1264 3461 1368 3518 Valerii
1385 3463 1466 3516 Anti·
1586 3465 1587 3488 ³

302 3546 356 3602 atis
373 3545 482 3601 nomine
499 3547 692 3616 desumpsisse.
722 3547 868 3604 Laudatur
886 3547 958 3602 enirn
975 3547 1073 3602 unum
1090 3563 1109 3602 a
1125 3547 1274 3604 Plutarcho
1293 3546 1402 3604 Romul.
1424 3552 1465 3602 14.
1586 3549 1587 3622 ,

303 3629 390 3770 Num&
405 3633 437 3684 22
458 3629 575 3688 Flamin.
597 3635 628 3686 18
650 3630 684 3686 de
705 3631 770 3686 fort.
789 3630 868 3687 Rom.
890 3636 936 3698 1⁰3
959 3631 1020 3688 aliis
1043 3631 1152 3689 indiciis
1175 3633 1336 3700 agnoscitur
1353 3631 1466 3689 Romul.
1586 3627 1587 3682 l

304 3719 346 3770 10.
391 3730 445 3769 um.
462 3721 501 3770 lb.
1586 3719 1587 3746 ³

390 3800 443 3854 Ad.
453 3800 583 3867 Schmidt,
592 3794 705 3855 ‘Pcrikl
718 3793 856 3855 Zeitalter'
869 3801 896 3854 ll
908 3804 950 3854 52.
962 3800 997 3855 A.
1008 3799 1175 3855 confidenter
1187 3808 1270 3869 negat
1280 3801 1390 3856 omnino
1403 3801 1468 3856 Plu·
1586 3817 1587 3838 ι

301 3885 398 3940 taroho
423 3884 544 3952 cognitos
567 3885 654 3940 fuisse
671 3884 774 3940 Valerii
791 3887 918 3954 annales,
941 3886 969 3939 id
987 3885 1060 3955 quod
1077 3885 1185 3942 Korber
1201 3886 1220 3942 1.
1239 3887 1258 3942 l.
1276 3901 1327 3954 per
1344 3886 1467 3956 singulas
1586 3885 1587 3942 l

303 3967 488 4024 Romanorum
505 3969 574 4024 ritas
592 3970 672 4024 etiam
689 3969 856 4038 argumentis
873 3970 990 4040 probaro
1008 3973 1132 4026 conatur.
1586 3997 1587 4008 ι

391 4057 417 4118 2)
435 4047 623 4112 ‘Griechische
646 4055 775 4122 Studien,
801 4054 894 4110 Herm
917 4053 1028 4124 Lipsius
1054 4071 1117 4110 uum
1140 4059 1183 4110 60.
1207 4055 1377 4122 Geburtstag
1403 4054 1467 4109 dar-
1586 4099 1587 4106 ,

300 4131 454 4207 gebracht’.
484 4143 550 4195 1894
570 4157 596 4210 p.
612 4143 661 4194 169
670 4155 729 4209 sqq.
