3282 4968
300 363 361 422 138
396 362 537 428 Augustus
556 359 709 419 Junemann
726 391 759 400 -
778 361 820 414 De
836 360 941 429 legione
958 360 1142 418 Romanorum
1159 361 1181 416 1.
1200 361 1350 416 Adiutrice.

383 536 535 602 Attamen
547 533 701 617 quamdiu
713 534 790 600 illae
801 534 1029 602 vexillationes
1045 536 1078 600 in
1089 534 1291 602 Mauretania
1306 539 1456 600 versatae

275 639 372 720 ,sint
400 657 465 702 non
493 642 627 704 constat.
674 636 768 702 Anno
798 642 907 706 autem
932 639 1002 700 150.
1026 645 1137 702 contra
1160 637 1290 704 Mauros
1320 639 1384 702 iam
1407 637 1456 704 ita

298 739 496 806 debellatum
527 727 611 822 e'rat,
640 744 676 804 ut
698 739 843 805 veterani
867 757 977 805 earnm
1007 738 1188 821 copiarum,
1218 758 1301 822 quae
1330 739 1456 807 anxilio

297 842 473 910 arcessitae
501 849 608 924 erant,
637 842 756 910 dimitti
785 847 925 924 possent.
971 839 1079 919 Quare
1108 861 1164 908 eas
1193 843 1332 910 nonita
1353 843 1455 909 multo

297 951 372 1028 post
386 964 505 1009 annum
523 948 593 1008 150.
609 943 752 1009 Africam
767 944 939 1026 reliquisse
955 943 1106 1027 equidem
1124 963 1314 1028 persuasum
1337 943 1455 1012 habeo.

298 1046 393 1114 Certe
421 1066 505 1112 anno
536 1050 607 1110 154.
635 1052 700 1112 tres
728 1047 805 1112 illae
834 1046 906 1110 alae
933 1045 1120 1112 Pannoniae
1149 1047 1341 1130 superioris,
1374 1066 1456 1130 quas

298 1169 397 1233 supra
417 1147 592 1230 nominavi,
615 1167 724 1214 rursus
747 1148 937 1214 coniunctae
959 1147 993 1212 in
1016 1148 1194 1230 diplomate
1218 1148 1317 1216 LXV.
1335 1148 1455 1216 Vindo-

297 1251 433 1318 boneusi
455 1252 669 1317 nominantur.

382 1351 507 1420 Eodem
535 1359 681 1435 tempore
709 1351 937 1420 vexillationes
965 1352 1124 1420 auxilium
1147 1354 1246 1420 ctiam
1273 1355 1308 1420 in
1329 1353 1455 1420 Maure·

296 1457 418 1524 taniam
433 1456 640 1538 Tingitanum
654 1455 769 1522 missas
785 1475 866 1537 esse,
882 1457 998 1539 quibus
1014 1457 1051 1524 Τ.
1065 1456 1181 1522 Varius
1197 1455 1346 1522 Clemens
1361 1474 1456 1539 pree-

296 1560 367 1642 fnit‚
390 1559 628 1626 demonstratur
650 1557 744 1624 huius
767 1558 828 1623 viri
844 1559 945 1626 titulis
961 1557 1018 1624 Ill.
1036 1560 1260 1640 5211-5216,
1282 1559 1316 1624 in
1338 1557 1455 1640 quibus

297 1661 413 1728 Varius
429 1659 579 1727 Clemens
591 1653 785 1745 ‘praefectus
801 1661 1046 1727 auxiliariorum
1068 1668 1213 1743 tempore
1236 1660 1456 1743 expeditionis

297 1765 331 1830 in
358 1763 595 1828 Mauretaniam
617 1764 825 1846 Tingitauam
853 1751 907 1838 (ex
930 1762 1100 1846 Hispania)
1131 1752 1314 1828 missorum’
1341 1762 1455 1844 appel·

296 1867 390 1932 latur.
420 1866 528 1948 Atque
542 1885 577 1932 re
589 1885 668 1932 vera
680 1885 751 1932 earn
764 1882 892 1948 quoqne
905 1864 1147 1947 expeditionem
1158 1866 1251 1932 annis
1265 1865 1456 1930 rsa-150.

297 1969 373 2046 (non
394 1968 494 2036 aetati
508 1968 619 2050 Marci,
642 1975 677 2032 ut
699 1987 797 2052 supra
818 1987 851 2051 p.
868 1971 919 2034 87.
934 1966 1009 2034 adn.
1027 1970 1046 2030 2
1062 1986 1170 2032 errore
1185 1965 1345 2034 adductus
1360 1973 1453 2049 puta-

296 2071 384 2147 bam)
408 2068 612 2136 tribuendam
634 2087 705 2136 esse
727 2077 809 2137 teste
832 2073 948 2136 iterum
969 2071 1017 2134 uti
1039 2070 1116 2136 licet
1138 2070 1232 2135 titulo
1256 2069 1341 2134 Vlll.
1358 2069 1455 2150 2728,

297 2175 331 2238 in
359 2193 423 2256 quo
452 2173 549 2238 etiarn
583 2173 722 2254 epistula
748 2172 840 2238 Varii
868 2172 1044 2240 Clementis
1077 2171 1296 2255 procuratoris
1322 2170 1455 2236 Valerio

297 2276 432 2342 Etmsco
461 2276 570 2358 legato
599 2275 698 2340 misso
728 2281 844 2342 exstat.
889 2275 973 2340 Nam
1003 2295 1075 2340 cum
1097 2275 1246 2340 Valerius
1273 2291 1356 2338 anuo
1382 2274 1455 2336 152.

296 2379 423 2460 legatus
438 2378 578 2460 legionis
593 2375 652 2442 llI.
665 2377 830 2459 Augustae
845 2383 941 2460 esset,
957 2397 996 2444 eo
1012 2397 1096 2444 anuo
1110 2377 1243 2442 Varium
1256 2373 1456 2442 Clementem

296 2481 362 2548 iam
394 2487 636 2565 procuratorem
665 2479 884 2546 Mauretaniae
913 2479 1132 2548 Caesariensis
1166 2479 1266 2546 fnisse
1299 2479 1454 2561 sequitur.

296 2585 403 2649 Antea
415 2588 523 2648 autern
539 2582 715 2666 provinciis
731 2580 917 2648 Lusitaniae
933 2588 966 2648 et
981 2581 1116 2648 Ciliciae
1133 2581 1342 2664 praesidebat
1356 2587 1455 2664 atque

296 2684 479 2767 praefectus
502 2690 572 2750 erat
593 2684 738 2767 equiturn
760 2684 834 2748 alae
848 2684 1054 2750 Britannicae
1068 2684 1237 2750 miliarias.
1276 2682 1366 2761 Quae
1382 2704 1456 2750 curn

296 2787 344 2852 ita
365 2787 439 2869 sint,
470 2787 497 2852 si
529 2807 602 2852 eum
623 2786 759 2868 singulis
782 2785 847 2850 illis
870 2786 1055 2853 muneribus
1077 2805 1136 2869 per
1158 2787 1302 2868 singulos
1324 2805 1455 2870 quoque

295 2907 398 2953 annos
420 2888 564 2954 functum
586 2907 658 2955 esse
681 2887 912 2969 concludimus,
941 2907 1005 2954 non
1027 2895 1101 2970 post
1122 2908 1242 2954 annum
1267 2892 1337 2954 149.
1360 2909 1455 2974 prae-

296 2988 398 3056 fectus
432 2989 675 3056 auxiliariorum
709 2991 742 3055 in
774 2989 1008 3054 Mauretaniam
1039 2990 1247 3073 Tingitanum
1283 2993 1456 3060 missorum

296 3092 429 3158 exstitit.

773 3243 976 3252 η-ο-ι-ῄ

750 3425 1000 3483 CORRIGENDA.

295 3563 322 3615 p.
336 3550 378 3601 84.
396 3563 422 3602 v.
435 3551 478 3601 23.
496 3561 548 3615 pro
566 3563 599 3600 co
615 3548 679 3616 fere
695 3551 786 3601 aetate
802 3545 974 3604 censendum
990 3544 1098 3616 paulo
1111 3554 1201 3620 post.

295 3647 322 3700 p.
336 3635 377 3687 88.
395 3648 420 3686 v.
434 3636 459 3686 e.
476 3647 527 3701 pro
548 3635 605 3686 160.
625 3631 744 3700 corrigas
764 3635 822 3686 169.

295 3733 322 3785 p.
336 3720 378 3772 91.
395 3734 421 3772 u.
436 3721 476 3770 12.
496 3733 547 3788 pro
571 3718 600 3772 id
617 3717 692 3788 qaod
709 3733 765 3771 aon
783 3717 839 3771 nisi
854 3716 892 3771 ad
909 3717 939 3772 r'd
956 3724 1062 3788 tempus
1084 3718 1158 3787 legas
1182 3720 1213 3775 id
1236 3721 1313 3792 qaod
1327 3723 1458 3792 fortasse

449 3802 488 3856 ad
503 3803 534 3857 id
549 3803 639 3874 ipsum
658 3809 771 3874 tempus.

294 3903 322 3955 p.
335 3891 376 3943 92.
395 3906 420 3945 s.
433 3892 458 3943 8.
477 3903 528 3958 pro
545 3890 575 3942 ira
594 3887 677 3942 Bada
695 3893 784 3943 uetera
799 3886 859 3956 lege
877 3886 1083 3960 Budapcsti.

721 4129 1027 4142 ᾕ-
