3134 4986
462 409 640 478 Quaestiones
657 409 865 466 Posidonianae.
1180 409 1243 469 371

88 584 243 649 adiectam
269 603 357 665 esse,
387 582 446 650 sed
469 603 510 650 ex
533 580 647 648 eadem
669 580 798 648 officina
818 581 968 667 prodisse
990 602 1009 647 e
1032 601 1096 665 qua
1118 589 1242 650 ceteras

88 684 286 750 definitiones
308 705 414 751 rerum
435 685 721 751 astronomicarum
745 703 817 749 cum
841 703 899 766 per
921 703 957 748 se
978 683 1154 750 admodum
1172 686 1243 752 veri

88 787 189 851 simile
222 793 287 868 est,
324 795 391 852 tum
428 793 497 852 tota
528 786 598 850 eius
631 786 722 866 quasi
758 786 878 850 clamat
909 785 1045 851 indoles.
1101 786 1241 853 Perinde

85 887 267 970 ambignum
301 908 372 955 esse
405 889 517 971 nequit
547 886 625 969 quin
654 892 686 952 et
714 893 859 952 extrema
887 905 957 970 cap.
979 882 1033 951 1v¹
1060 906 1134 969 pars
1157 907 1241 972 quae

20 977 21 980 ¹
85 996 132 1054 est
159 988 200 1054 de
228 991 523 1073 perturbationibus
551 989 636 1053 aeris
664 993 697 1054 et
725 987 767 1053 de
795 988 954 1055 similibus
983 987 1078 1054 rebus
1101 989 1144 1054 ad
1167 1008 1241 1054 eum

85 1090 265 1156 revocanda
287 1092 329 1158 sit
349 1093 402 1158 cui
424 1098 532 1158 cetera
555 1109 639 1172 quae
662 1090 695 1153 in
717 1087 779 1155 hoc
802 1091 908 1173 capite
924 1095 1128 1173 exponuntur
1143 1091 1242 1158 debet

84 1191 279 1258 Priscianus:
303 1191 390 1275 quod
412 1199 500 1258 artus
522 1209 587 1274 quo
610 1191 667 1256 illa
688 1209 761 1256 cum
777 1189 1046 1274 praecedentibus
1062 1192 1241 1258 continetur

84 1311 222 1360 conexus
251 1293 380 1361 abunde
410 1294 538 1360 evincit.
583 1293 698 1376 Neque
727 1311 804 1358 vero
834 1311 918 1375 qnae
946 1313 987 1358 ca
1007 1298 1240 1376 pertractantur

83 1413 131 1459 res
163 1395 197 1459 in
226 1394 357 1460 Gemini
386 1389 654 1463 ‘introductione’
691 1400 868 1460 occurrunt.
918 1393 1014 1461 Unde
1048 1401 1176 1461 exstare
1208 1404 1242 1462 et

83 1496 220 1561 eminere
236 1516 309 1563 reor
320 1498 521 1564 Prisciannm
536 1496 579 1561 ad
592 1495 848 1579 componendum
864 1515 935 1578 cap.
948 1495 993 1561 IV
1005 1489 1236 1564 ‘Solutionnm'

81 1616 142 1662 non
153 1591 453 1665 ‘Introductionem'
472 1596 601 1664 Gemini
616 1596 814 1663 adhibuisse.
838 1595 909 1674 Quo
925 1598 1023 1665 modo
1037 1618 1115 1665 vero
1126 1608 1238 1666 notan·

81 1697 153 1763 dam
176 1701 267 1766 illam
291 1719 375 1783 qnae
397 1701 480 1765 inter
504 1699 587 1765 hanc
604 1699 734 1765 Gemini
756 1699 963 1781 scriptionem
986 1707 1018 1765 ot
1040 1708 1137 1784 caput
1158 1703 1239 1769 illud

81 1801 235 1868 Prisciani
264 1801 435 1868 intercedit
462 1802 691 1866 sententiarum
722 1807 754 1866 et
781 1800 942 1866 interdum
972 1801 1143 1869 verborum
1165 1825 1239 1872 oon·

81 1907 275 1970 senientiam
298 1903 557 1986 explicabimus?
600 1903 761 1968 Nimirum
783 1903 988 1968 statuendum
1011 1911 1060 1970 est
1082 1905 1239 1972 Prisciani

80 2025 147 2088 cap.
170 2007 215 2071 lV
245 2014 278 2072 et
305 2007 531 2073 Geminianam
555 1997 855 2071 ‘introductionem’
887 2025 929 2070 ex
958 2008 1120 2072 communi
1150 2009 1238 2075 fonte

78 2128 241 2190 manasse,
265 2129 283 2174 e
306 2128 369 2191 quo
393 2114 527 2190 uterque
549 2116 661 2172 auctor
683 2125 767 2189 quae
790 2107 820 2170 ei
842 2105 1035 2173 adridebant
1057 2111 1238 2195 exscripsit.

78 2207 168 2277 Hunc
199 2217 307 2276 autem
335 2211 456 2276 fontem
485 2208 640 2292 indagare
669 2207 757 2272 haud
779 2206 916 2272 arduum
944 2215 1003 2292 est,
1035 2210 1111 2276 dum
1139 2212 1237 2279 modo

78 2311 235 2378 Prisciani
250 2313 387 2378 fontium
399 2311 588 2377 laterculum
599 2309 722 2375 auxilio
733 2326 943 2375 arcessamus.
977 2310 1014 2374 In
1026 2331 1091 2394 quo
1102 2333 1133 2396 p.
1147 2318 1198 2399 42,
1207 2317 1237 2398 9,

78 2420 111 2477 ut
142 2434 242 2498 supra
273 2415 340 2479 iarn
373 2413 530 2494 vidimus,
561 2405 798 2478 ‘commentum
831 2410 961 2476 Gemini
993 2412 1162 2480 Posidonii
1196 2415 1238 2481 de

77 2509 298 2601 Μετεώρων”
322 2520 603 2582 commemoratur:
635 2513 722 2596 quod
755 2513 833 2595 quin
859 2511 1103 2579 fundamentum
1134 2517 1176 2582 sit
1205 2525 1237 2583 et

77 2615 235 2684 Prisciani
263 2638 333 2701 cap.
355 2615 409 2682 lVi
437 2623 471 2683 et
492 2615 621 2683 Gemini
640 2606 915 2681 ‘Introductionis'
945 2635 1010 2680 non
1032 2618 1150 2699 poterit
1172 2639 1236 2685 non

77 2719 239 2804 conligere
273 2721 467 2802 quicumque
497 2737 581 2802 quac
611 2717 776 2800 hucusque
805 2716 847 2782 de
882 2717 1007 2782 ratione
1036 2717 1235 2785 Prisciannm

76 2820 156 2887 inter
191 2829 225 2888 et
254 2812 440 2905 ‘Isagogen'
473 2821 697 2887 Geminianam
730 2817 949 2884 intercedente
982 2817 1235 2904 disceptavimus

75 2941 182 2989 secum
204 2925 371 3008 reputarit.

157 3025 229 3091 Iam
246 3043 285 3090 eo
300 3025 447 3108 provecti
461 3044 582 3109 sumus,
598 3030 633 3089 ut
647 3022 815 3088 diudicare
830 3022 990 3104 possimus
1005 3029 1110 3087 utrum
1126 3024 1234 3090 Gemi·

73 3145 131 3192 nus
145 3125 318 3194 Posidonii
333 3127 450 3192 librum
466 3127 522 3210 qui
541 3122 634 3208 ‘cepi
656 3119 847 3206 perscipuo'
865 3123 1038 3206 inscriptus
1053 3132 1122 3190 erat
1136 3127 1234 3192 inter·

72 3235 216 3308 pretatus
239 3229 344 3295 sitan
366 3248 418 3294 res
439 3229 534 3294 aliter
556 3247 591 3294 se
614 3226 742 3293 habeat.
786 3225 868 3291 (lum
889 3224 1047 3291 Prisciani
1069 3234 1167 3310 caput
1189 3227 1234 3293 lV

72 3330 159 3412 quod
182 3352 226 3398 ex
242 3331 371 3397 Gemini
390 3323 592 3397 ‘commento
608 3329 775 3396 Posidonii
798 3326 840 3392 de
855 3319 1060 3411 Meuedpov'
1085 3327 1233 3395 baustum

72 3451 142 3498 osse
171 3432 270 3500 modo
299 3431 551 3516 significavimus
580 3451 643 3496 non
673 3430 826 3496 caelestia
854 3435 976 3494 tantum
1000 3431 1233 3496 verumetiam

71 3534 225 3600 sublimia
240 3533 412 3615 contineat,
427 3532 563 3617 adparet
577 3553 641 3598 non
655 3532 697 3598 ad
713 3533 829 3598 librum
843 3526 906 3596 ‘De
922 3523 1085 3598 meteoris'
1104 3531 1233 3598 Gemini

72 3636 338 3702 commentarium
348 3633 541 3718 pertinuisse
554 3635 819 3717 Priscianumque
831 3652 945 3716 parum
960 3633 1113 3700 adcurate
1128 3635 1232 3700 libelli

72 3735 201 3803 titulum
224 3739 431 3819 expressisse.
469 3737 554 3819 Ergo
577 3736 679 3802 verba
701 3735 781 3817 περὶ
801 3728 976 3816 μετεώρων
991 3734 1073 3800 nibil
1088 3736 1232 3803 indicant

71 3835 132 3904 nisi
163 3838 312 3903 libellum
345 3858 440 3922 quem
471 3838 626 3904 Geminus
659 3838 887 3904 commentario
922 3837 1099 3920 explicavit
1129 3838 1231 3906 fnisse

70 3939 316 4022 meteorologici
341 3941 531 4023 argumenti.
577 3939 697 4004 Vocem
717 3945 825 4004 autem
848 3940 999 4020 μετέωρα
1021 3959 1043 4005 a
1065 3940 1230 4007 Prisciano

70 4059 133 4106 non
149 4041 368 4107 Posidoniano
384 4062 480 4108 sensu
491 4048 676 4125 usurpatam
693 4059 774 4119 esse,
790 4039 849 4106 sed
861 4041 986 4122 volgari
1000 4059 1064 4124 quo
1076 4042 1231 4109 caelestia
1319 4123 1320 4128 ἵ

70 4147 103 4206 et
131 4142 285 4208 sublimia
310 4142 639 4228 comprehenduntur,
668 4161 731 4209 non
754 4147 804 4208 est
826 4140 914 4225 quod
936 4144 1098 4227 expressis
1121 4143 1230 4210 verbis

119 4247 235 4304 laipnger
247 4249 349 4294 Studien.
371 4249 447 4293 xvn.
990 4244 1022 4295 25
