3318 4970
480 387 522 442 De
539 385 643 454 legione
661 385 844 441 Romanorum
861 386 884 441 Ι.
902 385 1051 441 Adiutrice.
1305 386 1344 443 61

189 563 258 628 fere
287 561 368 628 locis
396 560 474 628 illae
502 559 631 644 tegulae
658 559 796 642 legionis
819 557 905 624 v111.
929 559 1023 644 Aug,
1053 578 1133 642 quas
1162 577 1260 642 supra
1281 578 1346 624 me·

190 664 399 747 mutavimus,
428 663 544 746 quibus
565 681 683 728 nomen
705 661 741 726 L.
765 660 865 744 Appii
886 661 986 743 legati
1009 661 1196 745 inscriptum
1219 666 1276 743 est,
1305 660 1347 727 ad

190 768 296 832 lucem
319 765 466 848 prolatae
488 765 560 832 sint.
604 765 718 847 Itaque
741 760 953 828 haecomnia
981 762 1101 845 optime
1124 762 1347 847 expediuntur,

191 869 219 933 si
241 869 369 950 tegulas
388 867 604 949 alegionibus
619 865 813 932 Germaniae
835 863 1009 946 superioris
1032 871 1140 931 coctas
1163 883 1234 932 esse
1255 865 1348 947 alias,

190 969 307 1051 quibus
342 969 483 1051 quinque
515 970 660 1051 legiones
694 971 934 1049 enumerantur,
968 983 1053 1031 anno
1088 967 1148 1050 89,
1182 967 1281 1050 alias,
1315 967 1349 1031 in

191 1069 308 1152 quibus
338 1070 451 1152 quinta
478 1071 534 1148 (sc.
564 1070 590 1136 I.
620 1067 782 1145 Adiutrix)
812 1067 1023 1150 desideratur,
1051 1073 1127 1134 ante
1156 1067 1348 1134 seditionem

192 1171 421 1257 Antonianam,
450 1173 541 1255 alias,
571 1191 652 1255 quas
673 1171 761 1253 legio
783 1170 870 1236 VIII.
893 1170 1040 1251 Augusta
1061 1170 1131 1236 sola
1152 1170 1278 1235 numeri
1300 1169 1349 1235 sui

192 1278 225 1338 et
251 1272 390 1338 nominis
418 1273 519 1357 legati
547 1274 632 1339 notis
661 1273 813 1356 signavit,
846 1277 920 1357 post
952 1272 1057 1354 ipsam
1086 1271 1279 1338 seditionem
1299 1289 1348 1336 re-

189 1393 336 1457 pressam
358 1375 542 1442 conicimus.
566 1410 607 1421 -

279 1476 567 1561 Monumentorum,
596 1495 680 1560 quae
702 1474 789 1541 haud
811 1475 858 1540 ita
880 1475 981 1540 multa
1003 1476 1036 1540 in
1059 1474 1233 1542 Germania
1255 1493 1348 1557 supe-

193 1579 279 1644 riore
292 1579 388 1661 legio
410 1579 551 1662 reliquit,
573 1597 672 1644 unum
693 1577 897 1661 potissimum
919 1576 982 1644 hoo
1003 1577 1076 1642 loco
1092 1575 1351 1660 pertractandum

196 1699 268 1746 esse
283 1698 411 1762 censeo,
433 1681 556 1764 quippe
571 1679 668 1762 quod,
691 1699 764 1744 cnm
780 1679 922 1744 omnium
937 1678 1163 1761 gravissimum
1179 1679 1229 1762 sit,
1253 1677 1350 1743 valde

194 1800 253 1848 nos
267 1780 403 1847 adiuvet
424 1782 627 1865 intempore,
651 1779 758 1864 quoad
780 1781 867 1862 logio
890 1781 923 1844 in
939 1779 1113 1845 Germania
1127 1780 1350 1862 permanserit,

194 1888 281 1950 recte
315 1882 509 1967 definiendo,
542 1902 659 1967 nempe
692 1882 819 1948 titulum
848 1883 940 1947 illum
967 1881 1169 1948 notissimum
1191 1903 1222 1948 n.
1246 1880 1351 1966 43144,

196 1985 252 2068 qui
274 2005 295 2050 a
317 1984 442 2051 duabus
464 1985 656 2068 legionibus,
679 1985 704 2050 Ι.
719 1983 886 2048 Adiutrice
909 1989 941 2050 et
955 1984 1013 2049 XI.
1030 1983 1176 2068 Glaudia,
1200 1990 1351 2051 exaratus

194 2092 252 2153 est.
297 2085 365 2152 Sed
393 2085 490 2153 valde
520 2093 570 2152 est
598 2085 790 2171 dolendum,
825 2086 912 2170 quod
942 2087 994 2154 hic
1024 2088 1124 2171 lapis,
1158 2088 1192 2152 in
1220 2088 1351 2154 civitate

196 2189 329 2254 Aurelia
343 2188 488 2271 Aquensi
510 2195 664 2272 repertus,
688 2189 722 2254 in
744 2188 825 2256 duas
840 2195 949 2273 partes
965 2189 1113 2272 diruptus
1135 2195 1193 2273 cst,
1217 2209 1352 2274 quarum

193 2289 301 2356 adhuc
315 2310 380 2356 non
395 2290 458 2356 nisi
473 2309 570 2356 unum
585 2291 799 2374 fragmentum
815 2298 930 2358 exstat.
968 2290 1041 2370 Qua
1056 2290 1097 2358 de
1112 2311 1219 2375 causa,
1243 2311 1350 2375 quam-

195 2412 290 2476 quam
312 2392 476 2474 legionum
504 2380 635 2458 nomina
662 2399 812 2460 accurate
840 2393 1040 2477 legebantur,
1070 2399 1197 2460 ceterae
1224 2395 1351 2460 litterae

195 2493 272 2578 quid
301 2492 528 2577 significarent,
559 2495 611 2560 cui
639 2514 734 2577 anno,
763 2495 798 2560 id
821 2495 907 2577 quod
929 2495 1106 2560 maximum
1129 2501 1207 2578 erat,
1241 2495 1351 2561 titulus

193 2594 382 2664 tribuendus
406 2601 500 2678 esset,
528 2597 625 2680 plane
648 2594 799 2680 cognosci
820 2616 884 2662 non
906 2601 1042 2679 poterat.
1065 2629 1105 2642 -
1128 2597 1223 2663 Nunc
1243 2602 1352 2663 autem

194 2697 301 2764 omnia
335 2698 441 2780 spissa
469 2698 608 2780 caligine
641 2697 748 2764 adhuc
781 2697 885 2764 offusa
914 2699 1034 2782 optimc
1065 2699 1240 2782 explanata
1268 2705 1351 2781 sunt,

196 2797 282 2882 quod
297 2799 361 2864 viri
376 2797 555 2866 doctissimi
570 2799 679 2867 Garuli
695 2800 937 2883 Zangemeister
951 2802 1091 2868 acumini
1107 2801 1250 2868 debetur.
1289 2800 1353 2880 Qui

196 2919 259 2984 quo
281 2901 355 2967 loco
378 2899 522 2984 disputat
540 2901 582 2968 de
596 2902 698 2969 tribus
714 2902 818 2988 cippis
834 2901 981 2970 miliariis
996 2905 1093 2987 primi
1108 2905 1229 2971 saeculi
1242 2906 1272 2986 ¹),
1296 2905 1352 2988 qui

196 3003 229 3068 in
251 3001 426 3068 Germania
454 3003 620 3086 superiore
649 3007 792 3089 exstant,
821 3010 992 3088 postquam
1021 3007 1193 3072 miliarium
1223 3007 1255 3070 in
1278 3007 1351 3072 vico

195 3102 304 3166 Brund
325 3111 487 3188 repertum
515 3105 703 3172 felicissima
731 3107 915 3172 coniectura
942 3108 1107 3191 supplevit
1129 3108 1353 3190 sagaciterque

196 3205 392 3290 declaravit,
423 3206 457 3272 id
484 3207 658 3272 miliarium
686 3207 730 3273 ad
758 3208 846 3274 viam
868 3209 1032 3292 publicam
1054 3209 1088 3274 in
1110 3209 1226 3274 dextra
1247 3207 1352 3274 Rheni

195 3309 267 3391 ripa
289 3313 432 3391 stratam,
455 3327 539 3392 quae
554 3309 750 3390 Mogontiaci
772 3311 805 3374 in
820 3310 989 3377 meridiem
1004 3311 1169 3392 vergebat,
1191 3310 1352 3394 pertinere

198 3410 293 3475 certis
315 3411 512 3492 argumentis
535 3411 766 3494 comprobavit.
803 3413 896 3478 Anno
918 3417 1026 3478 antem
1044 3416 1113 3477 100.
1130 3410 1274 3496 lapidem
1295 3432 1352 3498 po·

199 3511 296 3576 situm
313 3530 384 3577 esse
400 3529 442 3576 ex
458 3511 702 3596 cognominibus
720 3513 922 3597 imperatoris
938 3514 1069 3578 Traiani
1092 3515 1213 3596 optime
1225 3514 1352 3582 effecit.

285 3611 414 3690 Quare
437 3613 518 3680 bene
540 3621 720 3698 perspecta,
750 3614 838 3698 quod
860 3614 903 3681 ad
926 3615 1084 3681 eiusmodi
1105 3635 1238 3683 munera
1259 3619 1352 3684 susti·

197 3714 305 3780 nenda
327 3713 470 3786 lotiones
492 3715 642 3782 adhiberi
665 3716 821 3800 solebant,
851 3716 948 3784 facile
971 3717 1117 3800 intellegi
1139 3724 1246 3801 potest
1267 3719 1353 3786 hunc

198 3895 267 3950 quae
283 3880 420 3948 Lugduno
436 3881 465 3936 in
482 3882 680 3952 septentriones
698 3884 787 3938 vertit.
805 3913 839 3923 -
856 3883 920 3938 Alia
938 3899 1044 3953 quoque
1061 3888 1235 3940 monumenta
1253 3885 1352 3942 Roma·

197 3981 293 4022 norum
316 3965 356 4021 ibi
380 3964 480 4021 effossa
503 3971 575 4035 sunt,
599 3973 630 4021 ut
646 3967 776 4037 reliquiae
800 3969 1012 4036 aquaeductus.
1049 3969 1174 4025 Ceterum
1192 3971 1227 4026 ci.
1242 3965 1352 4027 ‘bullat

197 4052 282 4121 epigr.
302 4051 336 4106 oe
353 4051 381 4106 la
401 4047 494 4107 sauls
514 4051 563 4106 111.
583 4055 727 4120 arr-nar,
747 4056 898 4123 aea-3073
916 4053 982 4109 mio.
999 4054 1048 4111 lv.
1067 4058 1176 4123 m—ro,
1195 4059 1306 4112 oo-oe.

284 4140 309 4203 1)
323 4130 441 4192 ‘Westd
459 4129 602 4192 zeitschr!
620 4136 669 4192 ΙΙΙ.
688 4141 777 4205 (1884)
793 4155 821 4209 p.
839 4141 899 4194 237.
