3134 4986
308 378 369 438 318
743 378 945 437 Maximilianus
964 379 1042 436 Thiel

308 550 463 637 πλησίως
506 547 608 636 ταύτῃ
646 555 857 640 πεποιημένη
895 550 969 640 (καὶ
1007 552 1235 628 κατακλείσεις
1270 550 1333 629 τὰς
1371 549 1480 628 αύτδς

309 650 431 735 ἐχουσα
447 648 506 736 (?)>
520 649 608 738 πλήν
624 650 703 731 τοὺς
719 653 908 740 συγκύπτας
924 647 983 720 ούκ
999 653 1082 736 ἐ’χει·
1108 646 1192 718 άλλὰ
1209 651 1316 740 κύκλῳ
1337 651 1478 738 (ἐπάνω

309 755 376 819 τῶν
399 753 521 821 κιύνων
543 757 600 822 καὶ
622 758 689 822 τῶν
713 755 935 842 ἐπιστυλίων)

393 857 568 941 θωράκιον
583 859 639 922 καὶ
663 855 803 938 ’ἔπαλξιν
827 856 861 924 ἐκ
885 857 1031 925 σανίδων
1052 857 1126 943 (καὶ
1148 855 1309 944 γέρρων)
1333 860 1390 924 καὶ
1414 855 1476 924 ἐπὶ

307 959 374 1022 τῶν
397 957 571 1043 σελμάτων
594 964 728 1026 σανίσιν
907 959 1057 1044 ἰσχυραῖς
1079 960 1339 1046 περιβέβληται·

393 1164 615 1252 κατείληπται
638 1164 674 1231 δέ
689 1166 744 1232 καὶ
758 1165 857 1252 πηλῷ
872 1167 1101 1252 τετριχωμένῳ
1125 1161 1233 1246 πάχος
1256 1162 1363 1246 ἔχοντι
1387 1155 1475 1229 ὥστε

307 1260 345 1328 τὸ
371 1266 438 1348 πῦρ
468 1262 513 1350 μή
544 1263 698 1350 ἐνοχλεῖν.
744 1266 829 1351 (Καὶ
856 1265 947 1348 ἐστιν
964 1261 1046 1356 αύτή
1068 1270 1212 1354 χρησίμη
1237 1257 1274 1332 ού
1297 1263 1400 1349 μόνον
1425 1264 1475 1343 είς

305 1367 411 1448 χῶσιν
427 1358 513 1434 ἄλλά
535 1368 591 1434 καὶ
616 1368 664 1447 εἰς
687 1366 748 1448 τὰς
772 1367 925 1457 ἐφέδροις.
960 1364 1018 1437 ΙΟἱ
1040 1365 1103 1455 γὰρ
1126 1369 1331 1454 στρατιῶται
1354 1365 1473 1452 ἐμβαί-

309 1491 422 1546 νοντες
437 1467 486 1546 είς
509 1462 612 1559 αὐτὴν
634 1469 847 1556 προσάγουσι
862 1468 950 1558 πρὸς
964 1469 1002 1538 τὸ
1020 1483 1128 1554 τεῖχος
1143 1462 1230 1536 ὥστε
1246 1467 1339 1548 ἐντὸς
1354 1471 1473 1554 βέλους

309 1563 482 1655 γενόμενοι
505 1569 726 1659 ἐφεδρεύειν.)

151 1695 207 1740 Δια.
221 1708 243 1750 p.
262 1696 295 1742 ιο.
394 1665 493 1761 Αύτη
511 1673 548 1741 δέ
562 1667 685 1760 γένοιτ’
706 1664 746 1741 άν
765 1667 975 1761 ύκτάΙτροχος
996 1669 1017 1764 ἡ
1037 1673 1174 1763 χελώνη.
1206 1667 1310 1739 Ἀλλὰ
1332 1676 1471 1740 τοιαῦτα

308 1773 531 1864 μηχανήματα
564 1774 673 1854 ἐξεστι
697 1775 953 1860 μετασκευάζειν
975 1779 1024 1864 τῷ
1045 1782 1175 1864 τεχνίτῃ
1199 1774 1403 1862 ἐμβλέπουσι
1425 1774 1472 1852 εἰς

309 1876 390 1954 τούς
411 1875 540 1956 τύπους
561 1881 628 1943 τῶν
650 1881 890 1966 προσαγαγών.

400 1977 445 2046 Τὸ
464 1978 500 2044 δέ
521 1983 581 2069 τῆς
603 1973 798 2067 ὀρυκτρίδος
817 1979 964 2069 χελώνης
985 1983 1079 2066 γένος
1100 1979 1143 2046 τὰ
1165 1979 1226 2065 μὲν
1250 1975 1336 2046 ἄλλα
1359 2005 1471 2066 παρα-

310 2084 464 2170 πλησίως
479 2095 554 2160 ταῖς
570 2081 736 2169 πρότερον
752 2076 966 2172 ᾠκοδόμηται
982 2083 1084 2160 (οοιίιί.
1097 2075 1330 2170 ᾠκονόμηται),
1352 2083 1418 2167 τήν
1436 2081 1473 2147 σε’

153 2207 207 2252 ια
222 2220 245 2262 p.
261 2209 294 2253 ιο.
310 2182 519 2274 ἔμπροσθεν
548 2179 669 2272 ὀρθήν
691 2181 760 2268 ’ἔχει
780 2183 784 2268 Ι
804 2184 1065 2273 προσαγωγήν,
1094 2180 1195 2262 ὅπως
1217 2187 1473 2272 προσέλθουσα

310 2289 402 2378 πρὸς
430 2289 472 2353 τὸ
501 2295 614 2370 τεῖχος
639 2280 818 2376 άπαρτίση
841 2281 943 2372 αὐτῷ
971 2289 1027 2353 καὶ
1057 2285 1102 2374 μή
1133 2293 1373 2376 παρεισπίπτη
1403 2283 1470 2354 άπὸ
1561 2325 1562 2332 .

311 2393 371 2458 τοῦ
385 2395 514 2474 τείχους
530 2386 571 2455 τά
589 2382 756 2476 ἀφιέμενα
777 2390 868 2477 βέλη,
893 2381 969 2455 ἀλλ’
996 2381 1160 2476 ἀσφαλῶς
1175 2389 1209 2456 οί
1231 2384 1474 2476 ύπορύττοντες

310 2493 344 2560 ἐν
369 2486 454 2581 αύτῇ
477 2487 571 2570 ὅντες
594 2489 808 2579 ἐργάζωνται.

153 2626 207 2671 ιω.
222 2637 245 2680 p.
259 2624 293 2670 ιι.
395 2595 481 2684 ΙΤῆς
496 2595 532 2662 δέ
555 2590 622 2662 ύπδ
643 2590 827 2681 Ἡγήτορος
848 2596 909 2660 τοῦ
924 2592 1109 2674 Βυζαντίου
1124 2589 1310 2682 ηύρημένης
1330 2593 1475 2682 χελώνης

310 2704 440 2786 γίνεται
455 2695 493 2765 τὸ
509 2697 571 2780 μὲν
584 2700 690 2786 μῆκος
712 2700 772 2764 τοῦ
796 2695 951 2780 ἐσχαρίου
974 2682 1184 2783 πηχῶνλί-Ιῖ
1197 2693 1327 2773 πλάτος
1343 2695 1380 2762 δέ
1390 2683 1475 2763 Ῑί-ΗῙ

314 2799 365 2868 Τὰ
401 2800 437 2867 δέ
472 2802 569 2888 σκέλη
604 2797 647 2866 τὰ
682 2797 741 2867 ἐπὶ
769 2801 830 2865 τοῦ
861 2797 1017 2884 ἐσχαρίου
1047 2797 1240 2886 πηγνύμενα
1267 2799 1418 2884 τέσσαρά
1439 2821 1474 2863 τε

312 2907 510 2971 συντίθεται
539 2904 595 2969 καὶ
627 2898 823 3002 ἕκαστον-ἐκ
846 2899 904 2967 δύο
929 2899 1034 2979 ξύλων
1059 2904 1280 2998 σηνημμένον,
1310 2897 1349 2968 τὸ
1373 2902 1475 2990 μῆκος

311 3004 372 3090 μέν
403 3003 544 3088 ἐχόντων
574 3003 692 3094 πήχεις
714 3009 794 3085 ΚΔ,
822 3001 860 3069 τὸ
891 3002 928 3070 δὲ
957 3002 1065 3086 πάχος
1088 3007 1118 3068 E
1138 3001 1346 3086 παλαιστάς,
1376 3001 1415 3070 τὸ
1440 3002 1473 3068 δὲ

313 3107 444 3184 πλάτος
467 3118 626 3195 πηχυαῖα.

403 3313 526 3396 Τροχοὶ
556 3311 592 3378 δὲ
621 3315 772 3397 γίνονται
794 3306 828 3375 ἐν
852 3301 935 3396 αὐτῇ
958 3301 1044 3374 ὀκτώ
1052 3358 1061 3389 ,
1094 3299 1140 3374 δι’
1167 3300 1213 3374 ὧν
1236 3299 1397 3393 ἀνάγεται
1419 3304 1470 3393 (τὸ

313 3413 444 3482 σύνπαν
466 3411 589 3501 ἐργον).
955 3497 1038 3508 -η
1424 3494 1472 3504 .-

403 3515 448 3583 Τὸ
466 3517 527 3600 μὲν
542 3508 632 3601 ύιμος
648 3507 756 3582 αὐτῶν
773 3511 821 3590 είς
836 3510 955 3599 πήχεις
969 3514 1036 3594 AC,
1060 3509 1098 3578 τὸ
1117 3511 1153 3577 δέ
1168 3509 1277 3593 πάχος
1299 3506 1420 3598 πήχεις
1435 3516 1471 3575 Β.

156 3641 214 3688 Ath.
227 3653 249 3698 p.
264 3643 299 3687 τι.
314 3617 569 3703 Συμβάλλονται
811 3611 892 3680 κατί
920 3612 1059 3697 πλάΙτος
1080 3616 1136 3681 καί
1159 3611 1268 3695 πάχος
1291 3605 1473 3700 άμφαλλάξ

313 3722 369 3787 καὶ
394 3719 612 3805 δεσμεύονται
635 3720 752 3785 λεπίσι
772 3714 1021 3804 ψυχρηλάταις·
1056 3720 1257 3805 στρέφονται
1279 3714 1316 3780 δέ
1332 3713 1366 3782 ἐν
1390 3709 1472 3799 άμα·

314 3821 461 3900 ξίποσιν.

400 4032 521 4104 Κίονες
555 4025 591 4091 δέ
624 4025 809 4113 πήγνυνται
843 4021 901 4089 ἐπὶ
910 4023 994 4118 τοῦ
1028 4019 1184 4108 ἐσχαρίου
1215 4019 1471 4110 δωδεκαπήχεις,

315 4121 445 4206 πλάτος
467 4128 527 4210 μέν
551 4127 679 4210 ἐ’χοντες
702 4124 895 4202 παλαιστάς
919 4129 948 4188 Γ
952 4174 961 4204 ,
991 4121 1099 4207 πάχος
1123 4122 1158 4190 δέ
1181 4123 1259 4190 δέκα
1282 4122 1469 4201 δακτύλους.
