3318 4970
276 1445 394 1526 Quanti
417 1447 570 1513 momenti
596 1445 639 1512 ad
668 1452 807 1512 aetatem
829 1447 1055 1530 imperatorum
1085 1447 1341 1532 cognossendam

190 1549 325 1637 historia
346 1549 508 1632 legionum
530 1548 586 1630 sit,
615 1566 711 1613 nemo
739 1549 806 1613 lere
829 1553 892 1629 est,
923 1549 978 1632 qui
1004 1550 1135 1616 neseiat.
1181 1549 1246 1616 Sed
1269 1569 1342 1616 oum

191 1653 343 1718 universa
359 1650 500 1717 omnium
517 1649 680 1732 legionum
696 1647 831 1715 historia
846 1650 943 1716 scribi
958 1671 1021 1716 non
1037 1651 1147 1734 possit,
1171 1651 1232 1718 nisi
1247 1658 1343 1718 antea

189 1754 386 1836 singularum
411 1771 461 1818 res
475 1753 714 1835 pervestigatae
736 1757 818 1836 sunt,
842 1753 991 1836 exemplo
1007 1759 1184 1820 commotus
1201 1753 1342 1820 virorum

189 1855 366 1934 doctorum,
383 1855 438 1937 qui
454 1872 556 1936 nuper
570 1853 612 1919 de
627 1853 786 1920 eiusmodi
801 1854 896 1920 rebus
912 1853 1129 1921 disseruerunt
1143 1858 1172 1937 ¹),
1189 1873 1249 1938 ego
1266 1874 1342 1938 quo·

189 1976 252 2041 que
271 1955 313 2021 ad
330 1954 496 2023 historiam
513 1956 677 2039 legionum
692 1955 959 2038 perspiciendam,
984 1957 1186 2039 quantumin
1208 1977 1260 2023 me
1283 1963 1341 2040 est,

189 2059 360 2126 conferam.
410 2055 550 2136 Quarum
580 2074 621 2124 ex
650 2075 782 2123 numero
811 2058 971 2140 legionem
1001 2058 1025 2122 Ι.
1048 2057 1248 2125 Adiutrioem
1270 2079 1342 2143 per·

189 2167 326 2227 traotare
349 2158 429 2226 mibi
452 2159 614 2242 proposui.

274 2259 378 2340 Quam
394 2261 614 2345 quaestionem
636 2260 682 2326 ita
704 2260 746 2326 ad
762 2259 858 2326 finem
872 2261 1060 2346 perducere,
1076 2267 1111 2328 ut
1126 2261 1242 2344 omnia,
1259 2281 1343 2345 quae

187 2370 243 2430 aut
258 2371 345 2431 oerto
361 2363 481 2429 tradita
496 2360 651 2429 habemus
673 2370 729 2428 aut
744 2363 927 2429 eonieotura
942 2364 1071 2447 assequi
1087 2364 1173 2444 lioet,
1196 2365 1229 2428 in
1246 2384 1342 2431 unum

188 2466 391 2550 colligamus,
421 2485 517 2549 quam
546 2462 678 2530 dilfioile
702 2464 758 2546 sit,
788 2463 874 2531 baud
897 2467 1026 2548 ignoro,
1055 2466 1244 2549 praesertim
1267 2486 1340 2532 eum

187 2586 293 2650 neque
322 2568 464 2652 eorporis
499 2565 740 2649 inscriptionum
770 2565 954 2632 Latinarum
984 2567 1018 2633 id
1052 2567 1219 2652 volumen,
1253 2568 1340 2651 quod

187 2671 297 2736 titulos
319 2670 351 2735 in
373 2669 497 2736 duabus
520 2667 701 2734 Germaniis
728 2674 872 2750 repertos
895 2669 1066 2752 contineat,
1090 2670 1123 2734 in
1145 2669 1249 2735 luuem
1272 2669 1340 2736 edi-

187 2781 255 2839 tum
277 2773 332 2856 sit,
355 2780 387 2839 et
409 2776 628 2852 monumenta,
653 2787 735 2852 quae
757 2768 800 2835 ad
823 2767 905 2836 bano
927 2770 1087 2856 legionem
1107 2771 1283 2855 pertinent,
1306 2773 1340 2837 in

187 2877 258 2942 dies
279 2895 365 2942 nova
387 2894 459 2942 oum
483 2875 517 2939 in
539 2873 713 2938 Germania
741 2877 808 2936 tum
830 2872 863 2936 in
885 2871 1015 2954 Illyrico
1037 2872 1240 2941 effodiantur.
1285 2875 1340 2939 At·

187 2983 294 3044 tamen
315 2976 358 3043 ad
381 2977 425 3058 id,
449 2975 535 3059 quod
558 2973 638 3039 mibi
653 2975 854 3057 propositum
878 2980 936 3057 est,
959 2975 1114 3041 aoeedere
1129 2994 1193 3041 uon
1211 2982 1341 3043 ouuotor

187 3085 273 3145 ratus
297 3079 479 3161 materiem,
505 3097 602 3161 quam
625 3083 658 3142 et
679 3096 785 3142 rerum
808 3076 979 3158 seriptores
1002 3075 1131 3142 tradunt
1153 3082 1185 3142 et
1207 3077 1339 3160 inserip-

187 3181 290 3247 tiones
301 3181 469 3264 praebent,
485 3181 531 3246 ita
545 3181 610 3247 iam
621 3178 778 3260 sufficere,
794 3186 829 3244 ut
845 3177 886 3243 de
901 3176 1035 3244 historia
1050 3179 1187 3260 legionis
1203 3179 1227 3243 l.
1240 3179 1340 3244 Adiu-

186 3282 275 3347 triois
290 3288 411 3348 eertum
428 3281 505 3366 quid
521 3281 724 3363 constituere,
749 3281 812 3362 vel,
836 3279 943 3364 quoad
959 3279 1025 3344 iam
1041 3285 1176 3346 traotata
1198 3281 1249 3364 sit,
1272 3299 1339 3346 ree·

186 3383 250 3450 tius
272 3383 418 3451 iudicare
440 3385 546 3452 lioeat.

272 3487 377 3569 Atque
407 3494 441 3552 ut
463 3485 652 3552 brevissime
675 3504 853 3568 exponam,
883 3502 947 3566 qua
974 3484 1029 3548 via
1050 3502 1089 3548 ao
1111 3481 1234 3548 ratione
1257 3481 1340 3550 hano

187 3585 444 3654 dissertationem
457 3588 703 3671 composuerim:
720 3588 857 3671 primum
870 3587 910 3652 ds
922 3584 1046 3667 origine
1057 3584 1193 3666 legionis
1205 3585 1340 3656 nomini-

186 3687 310 3771 busque
334 3689 457 3775 dioam,
486 3689 604 3756 deinde
626 3690 763 3772 singulis
785 3688 945 3772 capitibus
969 3685 1142 3767 disseram,
1169 3686 1285 3769 quibus
1308 3685 1340 3751 iu

277 3911 300 3974 1)
319 3907 355 3964 Ut
369 3908 402 3962 Ε.
413 3906 567 3975 Ritterling,
577 3905 611 3960 de
621 3905 727 3974 legione
736 3904 918 3960 Romanorum
927 3903 962 3958 X.
973 3902 1095 3958 Gemina.
1113 3901 1176 3958 diss.
1187 3902 1253 3972 Lps.
1267 3907 1341 3969 1885,

186 3997 214 4049 et
231 3991 265 4046 E.
283 3993 421 4058 Sobultze,
442 3992 475 4048 de
493 3991 597 4060 legione
614 3990 799 4047 Romanorum
817 3988 892 4045 Xlll.
911 3989 1033 4044 Gemina.
1064 3987 1127 4042 diss.
1146 3987 1200 4044 llil.
1221 3993 1294 4044 1887.
1307 4019 1341 4028 -

186 4077 351 4147 Nuperrime
378 4078 488 4147 scripsit
514 4077 578 4134 Otto
602 4077 731 4145 Schilling
758 4077 791 4132 de
817 4075 921 4144 logione
946 4072 968 4128 l.
992 4072 1059 4128 Min.
1088 4076 1115 4127 et
1140 4071 1226 4128 XXX.
1251 4073 1339 4142 Ulpia,

184 4162 252 4220 diss.
269 4163 345 4233 Lips.
366 4167 441 4220 1893.
460 4188 493 4208 =
511 4163 588 4220 Stud.
607 4161 682 4231 Lips.
701 4161 752 4218 XV
770 4177 797 4231 p.
813 4163 920 4216 1-128.
1117 4244 1132 4274 .

1097 4250 1109 4299 1
