3318 4970
476 368 518 423 De
535 367 640 436 legione
655 366 841 430 Romanorum
858 364 881 420 Ι.
900 363 1049 420 Adiutrice.
1301 371 1340 431 73

189 543 368 612 certissime
391 541 535 610 traditur.
571 539 801 623 Nampraeter
817 537 988 606 Claudium
1004 540 1224 608 Ptolemaeum
1244 555 1343 628 supra

188 645 356 712 laudatum
385 645 547 728 legionem
576 643 609 708 in
632 640 744 708 castris
767 641 1065 724 Brigetionensibus
1093 651 1344 712 commemorant

190 754 223 815 et
237 747 438 815 itinerarium
450 745 605 812 Antonini
621 749 666 828 (p.
678 745 755 820 ree)
770 743 923 828 scriptum
936 744 1139 812 Diocletiano
1151 745 1343 830 imperante,

187 857 221 920 et
241 851 357 918 notitia
379 848 571 931 dignitatum
594 846 728 922 (saeculi
749 845 804 912 IV.
821 847 991 930 exeuntis),
1015 866 1098 931 quae
1122 846 1252 931 quidem
1275 867 1343 916 oco.

190 973 217 1020 o.
240 951 386 1018 XXXIII
408 971 438 1016 v.
464 954 501 1014 51
528 947 591 1026 (ed.
615 947 743 1026 Seeck.)
767 946 932 1014 cohortem
956 950 1101 1033 quintam
1131 950 1269 1032 legionis
1298 952 1345 1018 ibi

192 1055 341 1122 collocat.
387 1051 477 1130 Quae
506 1050 690 1116 testimonia
719 1051 972 1118 luculentissime
1005 1051 1204 1118 illustrantur
1233 1073 1342 1122 monu-

189 1159 318 1240 mentis,
348 1173 483 1239 quorum
512 1151 610 1233 longe
638 1153 782 1220 maxima
811 1173 886 1237 pars
908 1153 1096 1236 Brigetione
1124 1154 1178 1220 vel
1206 1155 1345 1224 invisis

190 1258 349 1344 proximis
364 1261 494 1339 reperta
509 1261 570 1320 est:
586 1254 687 1321 titulis
699 1255 902 1338 potissimum
914 1257 1148 1340 sepulcralibns
1161 1259 1300 1324 militum
1310 1259 1344 1340 ¹),

190 1363 246 1446 qui
275 1357 446 1443 stipendiis
474 1355 616 1422 nondum
645 1357 801 1424 absolutis
824 1359 994 1426 incastris
1017 1359 1097 1444 ipsis
1119 1367 1151 1428 et
1172 1363 1291 1428 mortni
1313 1369 1346 1426 et

188 1463 308 1548 sepulti
336 1467 418 1528 sunt.
464 1460 591 1527 Deinde
620 1459 750 1544 plunimi
779 1461 863 1526 tituli
890 1461 973 1528 sacri
996 1467 1029 1528 et
1050 1463 1249 1545 sepulcrales
1271 1482 1344 1529 cum

189 1566 327 1631 militurn
354 1569 422 1630 tum
450 1569 676 1632 veteranorum
689 1565 713 1640 2)
741 1563 788 1628 ibi
817 1562 861 1628 ad
890 1564 995 1630 lucem
1018 1565 1216 1648 prodIerunt.
1261 1565 1345 1630 Tum

188 1667 338 1752 plerique
359 1666 506 1732 laterculi
528 1665 727 1747 singularum
750 1667 964 1732 centuriarum
994 1667 1079 1734 notis
1105 1668 1225 1750 signati
1247 1673 1346 1751 atque

189 1770 319 1852 tegulae
342 1768 480 1850 legionis
502 1767 601 1834 variis
623 1767 822 1852 temporibus
845 1769 945 1835 variis
967 1769 1052 1836 notis
1068 1771 1214 1848 coccos)
1229 1769 1346 1836 iisdem

189 1870 270 1937 loeis
293 1868 413 1936 effossa
435 1875 517 1936 sunt.
542 1903 583 1916 -
605 1869 697 1936 Haec
719 1871 817 1953 igitur
840 1877 931 1938 erant
952 1877 1058 1938 eastra
1079 1872 1218 1956 legionis
1242 1891 1346 1956 eaque

192 1973 388 2055 sotansque
410 1971 453 2036 ad
476 1979 624 2055 tempora
646 1979 800 2058 extrema,
824 1973 931 2057 quoad
954 1973 1084 2040 omnino
1107 1973 1148 2040 de
1163 1975 1347 2058 legionibus

191 2075 407 2140 Romanorum
431 2075 464 2139 in
486 2074 663 2158 provinciis
678 2073 880 2140 Danuvianis
895 2074 1019 2158 aliquid
1036 2095 1231 2158 cognoscere
1254 2077 1347 2142 nobis

188 2177 275 2244 lieet
297 2211 340 2222 -

277 2278 453 2344 Praeterea
474 2298 547 2344 eum
571 2298 613 2344 ex
635 2280 740 2364 cippis
756 2280 992 2363 sepulcralibus
1007 2287 1243 2366 veteranorum,
1267 2301 1348 2365 quos

192 2380 310 2448 multos
334 2381 519 2463 Brigetione
551 2387 678 2448 exstare
708 2380 805 2446 modo
834 2383 1060 2468 cognovimns,
1089 2389 1157 2448 tum
1185 2402 1227 2449 ex
1255 2384 1349 2450 titulo

191 2484 395 2567 potissimum
410 2482 463 2548 VI.
481 2484 565 2548 3198
583 2484 633 2560 (of.
651 2503 682 2566 p.
701 2485 752 2560 77)
776 2484 883 2550 elucet
904 2482 947 2548 ad
970 2489 1076 2550 castra
1090 2484 1350 2568 Brigetionensia

193 2586 291 2652 etiam
315 2585 454 2652 canebas
476 2586 657 2669 applicatas
679 2585 817 2663 fuissem

278 2687 322 2752 ΙΙ.·
350 2685 387 2752 Si
409 2688 474 2754 iam
498 2688 672 2770 quaeritur,
702 2707 838 2771 ecquam
859 2687 1023 2771 legionem
1045 2689 1079 2754 in
1101 2687 1215 2755 castris
1237 2689 1349 2773 Brige·

193 2789 393 2857 dionensibus
415 2791 488 2874 Ipsa
502 2791 528 2856 Ι.
543 2789 696 2856 Adiutrix
711 2791 886 2874 exceperit,
908 2790 1006 2874 plane
1021 2810 1080 2857 nos
1103 2791 1251 2873 ignorare
1274 2812 1349 2858 con·

194 2891 376 2958 cedendum
406 2899 464 2974 est,
494 2912 557 2977 quo
586 2899 742 2976 tempore,
773 2912 838 2978 qua
866 2893 995 2976 legione
1017 2893 1214 2976 praetorium
1237 2893 1349 2976 Brige·

194 2995 341 3061 tionense
372 2995 577 3060 constitutum
607 2995 657 3062 sit.
702 2995 819 3064 Nullus
842 2995 927 3062 enim
950 2995 1062 3061 titulus
1085 2999 1141 3060 aut
1162 2993 1350 3078 Brigetione

193 3102 250 3163 ant
271 3115 373 3180 prope
390 3095 609 3178 Brigetionem
631 3105 777 3182 repertus
800 3105 859 3183 est,
883 3097 939 3182 qui
961 3096 1004 3164 ad
1026 3097 1165 3182 primum
1186 3097 1350 3164 saeculnm

191 3197 364 3282 ascendat;
388 3199 486 3266 immo
508 3199 750 3282 antiquissimus
765 3201 911 3282 fortasse,
935 3199 1044 3286 quoad
1059 3198 1210 3282 eognosoi
1234 3205 1351 3282 potest,

194 3307 243 3367 est
265 3301 377 3368 titulus
392 3300 450 3366 111.
466 3303 549 3366 4356
572 3302 641 3368 lere
663 3321 747 3368 anno
772 3306 843 3369 137.
867 3303 1043 3385 scriptus.⁵)

191 3451 398 3462 mna—a—

283 3539 307 3602 l)
327 3533 362 3588 of.
375 3551 403 3590 n.
416 3537 528 3588 51-53.
541 3565 575 3574 -
594 3533 635 3590 cf.
653 3535 737 3590 etiam
755 3553 783 3590 n.
797 3541 838 3604 50,
857 3535 904 3606 qni
921 3535 1018 3591 titulus
1030 3537 1243 3604 Brigetionensls
1261 3551 1278 3591 a
1295 3539 1355 3591 tota

194 3621 300 3691 legione
317 3620 376 3674 Iovi
394 3620 503 3689 Optimo
523 3621 642 3676 Maximo
662 3621 802 3677 dedicatus
820 3625 870 3678 est.

282 3707 518 3774 mmmmm.

282 3797 309 3860 3)
327 3793 402 3847 of.n.
416 3797 548 3847 tbi-111
569 3798 596 3846 et
615 3796 673 3848 112.

282 3884 307 3944 4)
328 3878 363 3934 ci,
378 3877 437 3933 CIL
454 3877 504 3932 Ill.
518 3894 545 3946 p.
559 3883 618 3933 539.
637 3878 727 3933 Herm.
740 3878 813 3932 XVI.
827 3895 854 3948 p.
868 3881 918 3932 462
936 3879 999 3934 adn.
1014 3881 1038 3934 3.

283 3969 310 4030 5)
329 3964 362 4018 In
385 3964 474 4033 lapide
496 3964 565 4018 haec
586 3964 725 4033 insculpta
746 3968 823 4020 snut:
846 3964 979 4034 Nymphis
1002 3978 1064 4019 sacr
1081 3965 1092 4033 ΙΙ
1108 3964 1141 4019 L.
1153 3964 1247 4019 Attius
1265 4005 1272 4018 .
1292 4005 1299 4020 .
1320 3960 1356 4033 ,ΙΙ

197 4051 294 4108 Macro
306 4051 317 4118 fl
329 4049 381 4117 leg.
390 4051 460 4116 Aug.
474 4053 524 4118 [pr.
535 4054 588 4118 pn]
602 4079 633 4089 -
646 4048 767 4117 Legatos
779 4049 936 4105 Pannoniae
947 4049 1097 4118 superioris
1109 4049 1142 4103 L.
1152 4048 1245 4106 Attius
1257 4049 1354 4106 Macro

196 4135 296 4196 consul
313 4133 366 4190 luit
384 4150 455 4192 anno
477 4139 533 4192 134.
554 4151 615 4192 cunr
632 4133 663 4190 P.
677 4133 784 4190 Licinio
801 4134 900 4192 Pansa.
929 4134 1007 4202 (CIL.
1021 4134 1070 4190 lII.
1083 4150 1111 4203 p.
1125 4137 1194 4201 ete.)
