3170 4984
307 394 370 454 250
784 392 848 448 otto
867 391 995 448 Booksch

305 569 471 635 Romanos
487 563 691 632 deliberandi
707 585 805 632 causa
820 565 985 632 Ferentini
1001 563 1190 631 habebatur.
1229 563 1296 632 Sed
1317 565 1360 631 M.
1375 564 1478 632 Valc-

305 671 389 736 rium
418 666 549 735 dicendi
578 667 675 733 venia
707 667 758 734 bis
792 669 909 752 petita,
945 687 1018 735 cum
1044 666 1253 734 vehementer
1282 667 1476 733 Latinorum

306 770 406 837 duces
429 769 568 835 iniuriae
590 769 772 853 increparet
794 787 989 853 causamque
1005 770 1184 836 Romanam
1208 775 1338 836 strenue
1360 769 1476 836 defen-

306 873 408 954 deret,
431 876 600 954 tantopere
623 870 797 937 concilium
819 873 1014 954 perculisse,
1037 871 1152 937 utillo
1176 870 1308 954 quidem
1331 871 1386 938 die
1409 871 1474 937 Ro-

305 992 473 1040 manorum
488 971 669 1038 adversarii
691 971 773 1038 nibil
796 971 971 1040 efficerent.
1008 971 1052 1038 At
1073 971 1177 1039 nihilo
1200 973 1299 1039 setius
1322 974 1472 1058 sequenti

306 1075 360 1141 die
376 1073 507 1140 Valerio
531 1073 667 1139 consilio
690 1074 846 1140 interesse
868 1095 889 1140 a
910 1075 1117 1159 praesidibus
1139 1074 1323 1158 prohibito,
1347 1081 1382 1140 ut
1404 1075 1473 1140 bel·
1571 1095 1572 1136 ι

306 1178 373 1242 lum
389 1175 543 1242 Romanis
559 1174 766 1260 indiceretur,
789 1175 923 1242 Latinos
946 1195 1058 1244 ornnes
1075 1177 1289 1244 constituisse.
1312 1210 1355 1222 —
1371 1176 1473 1243 Vides
1571 1183 1572 1198 ³

305 1279 397 1343 illum
426 1276 468 1342 Μ.
485 1276 652 1342 Valerium
681 1277 829 1360 quamvis
859 1279 994 1345 multum
1024 1279 1171 1344 oratione
1200 1298 1259 1344 sua
1286 1285 1473 1344 assecutum

306 1381 413 1464 ipsum
429 1385 537 1445 tamen
553 1398 660 1445 rerum
677 1385 828 1446 eventum
843 1400 908 1447 non
926 1382 1113 1448 mutavisse.
1150 1379 1236 1446 Hinc
1249 1385 1358 1446 autem
1380 1380 1473 1445 fabu·
1571 1395 1572 1398 ’

306 1484 372 1548 lam
394 1501 466 1548 sero
489 1481 620 1547 demum
642 1481 786 1564 priorum
809 1487 976 1549 anctorum
998 1483 1176 1549 narrationi
1205 1481 1331 1547 illatum
1361 1483 1474 1548 certis·

306 1586 388 1652 sime
410 1583 626 1666 agnoscimus.
665 1581 760 1661 Quod
782 1604 861 1651 voro
884 1585 981 1652 simul
1003 1583 1197 1650 Valerianae
1220 1583 1326 1666 gentis
1349 1582 1474 1650 bomini

306 1693 372 1752 tam
387 1686 577 1770 praeclarae
591 1691 701 1769 partes
716 1686 907 1769 tribuuntur,
927 1707 969 1754 ea
981 1707 1017 1754 re
1032 1687 1079 1754 ab
1095 1687 1267 1754 Antiate
1289 1685 1474 1752 fabulam

306 1790 516 1854 inventam
540 1806 629 1854 esse
653 1787 818 1854 discimus.

393 1889 474 1954 Sed
496 1890 726 1972 quaeritur,
750 1910 839 1956 num
861 1890 911 1956 ab
932 1888 1007 1956 boc
1029 1890 1121 1974 ipso
1138 1890 1367 1974 Dionysius
1390 1909 1475 1956 eam

306 1991 523 2077 petiverit.
562 1989 676 2068 Quod
699 1990 928 2077 bicreapse
944 2011 1033 2057 eum
1055 1991 1209 2058 iecisse
1230 1992 1476 2058 malimcre·

307 2093 421 2174 dere,
451 2112 548 2176 quam
577 2093 611 2158 in
640 2091 691 2159 bis
720 2113 850 2178 quoque
871 2093 1037 2160 Antiatem
1059 2114 1080 2158 a
1100 2091 1242 2176 Licinio,
1265 2093 1430 2159 Licinium
1456 2112 1477 2158 a

307 2196 468 2280 Dionysio
497 2195 694 2280 exscriptum
716 2215 798 2264 esse.
843 2194 980 2262 Videtur
1002 2195 1088 2262 enim
1112 2213 1154 2262 ex
1176 2193 1214 2260 T.
1238 2195 1346 2261 Larcii
1372 2195 1477 2261 nomi-

306 2298 402 2364 nibus
425 2298 496 2366 sine
519 2297 711 2380 cognomine
733 2298 766 2362 in
789 2298 882 2364 tastis
905 2296 1002 2363 oditis
1025 2297 1131 2374 (Vbi),
1150 2297 1181 2374 1)
1204 2297 1355 2364 concludi
1377 2317 1477 2382 posse

307 2398 501 2484 Dionysium
513 2396 567 2464 hic
582 2419 647 2466 non
661 2398 758 2465 modo
769 2419 833 2465 non
848 2400 1076 2484 narrationem,
1092 2399 1152 2466 sed
1166 2419 1207 2466 ue
1223 2399 1325 2467 fastos
1342 2400 1478 2483 quidem
1571 2405 1572 2440 r

308 2520 351 2568 ex
374 2520 413 2567 eo
436 2501 524 2568 fonte
547 2499 707 2586 hausisse,
730 2521 772 2568 ex
795 2521 859 2586 qno
881 2502 1053 2567 Vae—77
1076 2500 1238 2568 fluxerunt
1259 2501 1280 2565 i.
1305 2519 1332 2566 c.
1358 2521 1402 2568 ex
1425 2501 1478 2568 Li·

307 2604 385 2670 cinii
407 2603 588 2670 annalibus.
626 2603 711 2668 Nam
734 2604 768 2668 in
783 2604 879 2670 Dion.
895 2604 923 2670 V
939 2608 1024 2687 59,1
1050 2605 1071 2670 i.
1087 2595 1173 2672 essea
1194 2605 1230 2670 in
1250 2612 1353 2688 parte,
1378 2624 1478 2688 quam
1571 2655 1572 2672 ι

307 2724 406 2788 supra
418 2705 544 2772 Licinio
557 2705 737 2788 tribuimus,
754 2706 945 2788 cognomine
957 2705 1086 2774 adiecto
1098 2705 1216 2773 dicitur
1226 2706 1315 2772 idem
1327 2707 1367 2772 Τ.
1378 2706 1478 2800 Lar·

307 2807 394 2873 cius
416 2806 609 2884 Flavus.¹)

394 2907 557 2994 Sequitur,
582 2917 617 2976 ut
639 2910 681 2976 de
704 2911 764 2994 eis,
786 2929 869 2993 quae
891 2909 935 2976 ad
957 2930 1077 2976 annum
1099 2909 1238 2988 254!be
1261 2910 1295 2974 in
1315 2909 1478 2996 Dionysio

307 3011 412 3077 relata
422 3011 571 3096 legimus,
588 3011 743 3079 iudicium
758 3013 921 3096 proferam
936 3012 1058 3091 (Dion.
1071 3009 1101 3077 V
1113 3015 1288 3090 52-57).
1301 3047 1344 3058 -
1357 3011 1410 3078 Ex
1426 3011 1478 3078 bis

307 3113 655 3197 coniurationem,
685 3134 806 3198 quam
834 3133 855 3179 a
883 3113 1048 3197 plebeis
1071 3113 1223 3180 factam
1245 3113 1478 3198 Dionysius

306 3214 505 3279 vsa-57
528 3215 677 3300 tradit,
700 3237 721 3282 a
742 3216 906 3282 Licinio
929 3215 1065 3291 Macro
1088 3221 1320 3281 enarratam
1342 3215 1479 3282 fnisse

306 3315 409 3380 mihi
430 3316 686 3400 persuadere
709 3319 779 3384 vix
800 3337 973 3402 possum.
1018 3318 1103 3384 Nam
1125 3316 1237 3400 plebei
1258 3337 1422 3402 pauperes
1446 3323 1479 3384 et

308 3435 385 3484 aare
407 3418 515 3484 alieno
539 3420 688 3502 oppressi
709 3420 960 3504 Tarquiniorum
983 3421 1123 3504 pecunia
1145 3421 1287 3504 corrupti
1309 3419 1411 3502 adeo,
1443 3425 1479 3484 ut

308 3520 407 3584 etiam
441 3539 513 3586 cnm
548 3517 682 3598 δούλοις
711 3532 873 3609 πονηροῖς
902 3522 1092 3588 societatem
1120 3523 1254 3604 inirent,
1288 3521 1477 3588 coniurasse

309 3620 469 3700 dicuntur,
485 3626 521 3686 ut
535 3628 632 3691 noctu
648 3623 750 3691 caede
765 3625 853 3691 facta
869 3630 901 3691 ct
915 3625 1005 3692 urbis
1021 3625 1163 3691 castellis
1179 3625 1345 3707 occupatis
1360 3629 1478 3707 portae

308 3722 454 3805 tyrannis
476 3725 688 3806 aperirentur.
733 3727 829 3792 Talia
851 3747 930 3793 vero
952 3727 1112 3794 Licinium
1133 3727 1287 3808 Macrum,
1311 3723 1478 3790 bominem

308 3824 515 3908 popularium
543 3847 650 3894 rerum
678 3828 787 3895 studio
816 3827 1024 3912 flagrantem,
1055 3828 1256 3910 reddidisse,
1287 3827 1417 3894 etiamsi
1444 3828 1478 3892 in

397 3978 423 4048 1)
440 3978 503 4034 Non
521 3977 717 4046 neglegendum
735 3978 817 4032 ctiam
834 3977 871 4032 ad
888 3993 991 4032 annum
1008 3993 1034 4034 a.
1047 3995 1074 4034 u.
1089 3995 1111 4033 c.
1132 3981 1182 4032 253
1200 3980 1244 4043 (=
1255 3976 1338 4032 Dion.
1350 3975 1377 4031 V
1389 3981 1433 4042 50,
1445 3981 1477 4042 1),

310 4077 459 4130 cognomen
483 4068 591 4118 exstare
614 4063 644 4116 in
667 4062 747 4118 fastis
769 4062 840 4118 Idat.
859 4067 888 4118 et
905 4064 1001 4119 chron.
1020 4063 1136 4118 Pascha
1154 4055 1267 4118 ‘Flava'
1303 4061 1345 4116 Dc
1367 4075 1423 4130 qna
1447 4075 1478 4115 re

309 4147 392 4202 adeas
411 4147 574 4215 cichorium,
592 4148 626 4203 de
642 4149 724 4204 fastis
743 4148 935 4204 consularibus
954 4147 1152 4218 antiquissimis
1167 4165 1195 4218 p.
1215 4153 1264 4205 199
1274 4163 1332 4218 sqq.
