3198 4974
252 390 295 446 De
312 389 435 446 lontibus
453 390 577 462 Dionysii
595 390 844 446 Halicarnassensis
861 391 1034 460 quaestiones
1051 384 1151 448 varim.
1217 393 1278 454 207

122 563 163 630 de
178 564 285 648 plebis
302 583 378 630 aere
394 583 529 648 pressae
547 562 706 647 angustiis
718 569 752 630 et
761 563 971 647 patriciorum
983 565 1017 629 in
1027 584 1130 632 nexos
1153 567 1278 636 iniuriis

120 665 284 750 praefatus
296 665 455 748 neglectis
470 666 568 749 plane
585 666 632 732 eis
647 667 838 732 tumultibus
851 671 883 731 et
895 667 1039 732 externis
1050 669 1178 751 pugnis,
1195 687 1280 752 quae

120 757 298 851 Dionysius
311 773 344 833 et
355 767 468 833 Livius
480 787 565 832 anno
577 766 715 846 2591495
724 767 811 833 faeta
825 785 897 832 esse
908 767 1048 850 tradunt,
1060 789 1102 834 ex
1115 770 1162 836 eis
1174 770 1279 854 bellis,

121 887 205 950 quae
227 874 302 934 ante
325 870 542 936 secessionem
564 869 670 953 plebis
694 887 766 934 eum
786 866 931 936 finitimis
947 869 1096 952 gentibus
1111 878 1280 938 narrantur

121 975 213 1052 gesta
225 989 306 1052 esse,
319 971 531 1036 novissimum
544 975 668 1036 tantum
683 971 797 1055 paucis
812 970 926 1054 tangit,
943 991 1007 1054 qno
1024 991 1096 1037 oum
1112 971 1279 1041 Sabinis

119 1075 297 1154 pugnatum
322 1073 365 1138 sit
391 1063 449 1148 (ὦν
471 1068 531 1158 τὴν
553 1070 748 1136 τελευταίαν
773 1067 927 1147 ἐδέξαντο
950 1069 1038 1155 πρὸς
1057 1077 1279 1156 Σαβίνουςι

121 1172 192 1239 Cor.
210 1193 236 1240 c.
251 1178 281 1256 5,
294 1173 374 1239 Sint.
389 1175 461 1254 422,
476 1177 538 1250 11).
563 1173 760 1252 Quibuscum
773 1173 859 1238 Livii
872 1179 904 1240 et
916 1174 1068 1259 Dionysii
1079 1177 1279 1244 narrationes

120 1277 321 1359 comparanti
336 1276 510 1358 apparebit
524 1277 596 1356 tria,
620 1293 704 1359 quae
719 1275 767 1340 illi
783 1275 934 1355 referunt,
952 1275 1126 1343 bellacum
1143 1278 1282 1362 Volscis,

121 1375 261 1462 Sabinis,
277 1378 400 1460 Aequis
415 1397 500 1442 auno
519 1377 657 1457 2601494
677 1383 770 1460 gesta
785 1375 994 1443 Plutarchum
1017 1378 1051 1442 in
1073 1397 1171 1444 unum
1194 1399 1279 1446 oom-

120 1477 342 1562 prehendisse.
387 1479 566 1544 Narrantur
595 1480 680 1544 enim
710 1478 792 1544 haee
819 1479 882 1544 tria
916 1478 1003 1544 bella
1035 1478 1279 1548 Sabinorum

118 1580 227 1648 studio
250 1587 283 1647 et
305 1600 406 1665 opera
428 1577 567 1646 conflata
589 1599 660 1647 esse
683 1581 766 1657 (Liv.
782 1581 814 1645 ll
830 1583 881 1664 27,
908 1583 964 1664 ¹03
988 1583 1039 1664 30,
1063 1585 1099 1665 33
1121 1583 1218 1650 Dion.
1234 1585 1280 1650 Vl

119 1685 235 1765 34,1).
280 1683 427 1766 Itemque
457 1681 595 1765 quadrat
618 1682 757 1766 optime,
784 1682 871 1764 quod
894 1679 1053 1765 Μάρκιος
1081 1719 1123 1730 -
1152 1684 1279 1754 Marcus

118 1804 159 1849 an
192 1783 319 1850 Manius
353 1784 557 1852 scribendum
590 1784 650 1866 sit,
684 1783 827 1850 nondum
859 1803 935 1851 curo
965 1819 1007 1832 —-
1048 1777 1232 1869 Οὐαλέριος
1261 1781 1279 1850 ὁ

120 1876 236 1967 ὀῖρηων3
276 1887 309 1963 (i.
347 1905 374 1953 e.
410 1886 560 1960 dictator)
593 1886 719 1969 plebeis
752 1885 817 1952 fide
851 1905 910 1952 sua
944 1883 1089 1971 obligata
1121 1891 1280 1972 promittit

117 1989 203 2072 iore,
234 1994 270 2054 ut
296 1989 403 2071 plebis
432 1987 676 2054 difficultatibus
703 1987 945 2073 provideretur,
976 1990 1112 2056 simulac
1141 1991 1280 2058 feliciter

118 2091 240 2156 bellum
264 2089 443 2156 conlectum
467 2090 518 2155 sit.
562 2089 648 2156 Nam
672 2091 770 2154 etiem
786 2090 881 2156 Livio
904 2097 936 2156 et
960 2091 1119 2176 Dionysio
1140 2094 1279 2160 auctori·

117 2193 175 2258 bus
199 2191 322 2256 Valerii
351 2189 517 2258 dictatoris
547 2211 647 2275 opera
678 2198 711 2257 et
739 2193 844 2274 gratia
872 2193 993 2258 factum
1022 2200 1086 2278 est,
1117 2201 1152 2260 ut
1174 2196 1279 2278 plebs,

117 2312 211 2378 quae,
237 2313 308 2360 cum
332 2293 458 2374 Volsci,
481 2293 603 2377 Aequi,
627 2292 739 2358 Sabini
764 2312 828 2357 una
849 2313 961 2361 omnes
984 2296 1017 2360 in
1039 2296 1138 2361 armis
1162 2304 1279 2380 essent,

117 2397 268 2461 militiam
284 2395 505 2477 detrectasset,
529 2400 638 2460 tamen
654 2393 795 2477 denique
817 2397 949 2462 nomina
971 2397 1073 2463 daret.
1109 2398 1179 2462 Iam
1202 2417 1279 2464 vero

118 2499 145 2563 si
167 2497 349 2564 accuratius
373 2497 567 2579 Dionysium
590 2503 622 2562 ct
644 2496 852 2562 Plutarchum
875 2498 1016 2565 interae
1039 2499 1279 2582 contulerimus,

118 2605 150 2665 et
177 2600 260 2666 alias
291 2604 324 2664 et
353 2597 407 2665 hic
434 2597 531 2664 modo
560 2599 639 2664 satis
668 2619 819 2681 magnam
849 2605 882 2666 et
910 2619 1018 2666 rerum
1048 2605 1080 2666 et
1107 2602 1279 2668 verborum

118 2700 378 2784 similitudinem,
407 2700 505 2766 modo
534 2699 787 2783 discrepantiam
816 2701 1012 2768 videbimus.
1064 2701 1159 2781 Quod
1194 2704 1279 2768 enim

117 2803 200 2886 legis
229 2803 351 2868 dictum
374 2803 461 2885 apud
484 2802 581 2868 Dion.
604 2802 722 2884 V141,
747 2805 766 2865 2
789 2803 823 2868 ἰιι
846 2803 992 2870 oratione
1014 2824 1034 2869 a
1056 2803 1189 2871 Valerio
1212 2804 1280 2872 dic·

118 2909 221 2971 tatere
244 2903 289 2970 ad
318 2905 448 2989 plebem
478 2904 606 2987 habita,
634 2897 814 2988 “ἕγγοῶμαι
841 2897 920 2986 ὑμῖν
949 2902 1009 2989 τὴν
1037 2901 1161 2991 βουλὴν
1189 2898 1279 2990 ἐμά’,

118 3005 219 3075 habes
250 3007 319 3072 fere
348 3006 450 3088 idem,
485 3007 633 3089 quamvis
663 3008 807 3074 oratione
837 3008 909 3091 ipsa
931 3027 996 3072 non
1017 3008 1161 3092 reddita,
1191 3008 1280 3093 apud

118 3107 326 3175 Plutarchum
341 3129 368 3175 e.
386 3111 404 3172 5
421 3128 452 3174 v.
469 3111 523 3172 12:
543 3101 624 3172 ‘cois‘
638 3131 675 3172 τε
698 3105 964 3172 πλουσιωτάτων
987 3105 1281 3193 ἐπαγγειλαμένων

117 3207 311 3291 μετριάσειν
339 3209 396 3274 καὶ
426 3210 485 3296 τῆς
515 3209 637 3294 βουλῆς
659 3209 719 3276 τὸν
743 3204 885 3290 ἄρχοντα
907 3207 1067 3291 Μάρκιον
1095 3205 1281 3294 Οὐαλέριον

119 3305 408 3398 ἐγγυήσασθαι
431 3304 693 3399 ψηφισαμένης.
739 3311 805 3379 Sed
827 3333 869 3379 ne
896 3312 1114 3397 discrepantia
1136 3315 1280 3399 quidem,

119 3431 214 3494 quam
238 3412 320 3494 dixi,
342 3419 375 3479 te
397 3413 529 3497 fugerit:
559 3413 752 3481 Plutarchus
775 3415 860 3480 eninr
883 3416 1047 3499 expressis
1069 3417 1178 3482 verbis
1202 3415 1281 3482 dicit

119 3521 248 3582 senatus
278 3515 367 3582 iussu
391 3513 647 3601 (ψηφισαμένης
669 3521 728 3601 της
749 3515 883 3600 βουλῆς)
907 3517 1073 3584 Valerium
1103 3517 1202 3585 fidem
1225 3518 1279 3584 de-

120 3614 223 3699 disse,
256 3636 329 3683 cum
357 3617 518 3700 Dionysio
551 3625 684 3684 auctore
717 3637 776 3684 sua
807 3625 922 3702 sponte
953 3619 1101 3686 Valerius
1130 3619 1281 3687 videatur

118 3715 245 3784 fecisse.

203 3819 320 3902 Neque
345 3839 422 3886 vero
449 3839 532 3905 quae
555 3821 702 3906 proxime
725 3829 917 3906 sequuntur:
937 3815 1045 3888 Ἕπεὶ
1070 3821 1105 3887 δέ
1127 3814 1281 3907 κάκείνην

121 3912 385 4002 ἀγωνισαμένοις
407 3919 467 4005 τὴν
493 3919 602 4008 μάχην
625 3920 815 4005 προθύμως
836 3927 893 3989 καὶ
915 3921 1101 4012 κρατήσασι
1123 3927 1191 3990 τῶν
1214 3947 1280 3988 πο·

120 4020 243 4102 λεμίων
274 4015 370 4088 οὐδὲν
400 4019 526 4107 ἐγένετο
556 4021 651 4106 παρὰ
672 4026 739 4090 τῶν
770 4025 954 4091 δανειστῶν
984 4025 1129 4103 ἐπιεικὲς
1158 4018 1227 4091 οὐδ’
1258 4020 1278 4110 ἡ

118 4121 220 4208 βουλὴ
250 4135 492 4207 προσεποιεῖτο
519 4127 716 4211 μεμνῆσθαι
745 4129 811 4192 τῶν
841 4119 1127 4214 αἳμαλογημένωά,
1157 4129 1278 4195 aDio·
