3170 4984
260 379 303 434 De
320 379 443 434 fontibus
460 377 587 448 Dionysii
603 377 855 434 Halicarnassensis
873 377 1045 447 quaestiones
1063 377 1163 434 uariae.
1235 377 1298 438 257

220 552 286 619 Sed
307 553 371 618 nisi
393 571 468 636 spes
491 568 543 618 me
565 545 665 636 fallit,
693 551 760 617 alia
781 552 1044 636 ratiocinatione,
1074 552 1164 636 quod
1193 552 1292 619 modo

133 656 308 740 explicavi,
324 660 357 721 et
367 652 539 720 adfirmare
551 659 584 719 et
594 654 691 720 latius
702 652 738 719 id
749 654 861 720 valere
875 649 1097 720 demonstrare
1111 673 1291 737 possumus.

132 756 231 842 Apud
246 757 341 823 Dion.
357 755 403 821 VI
421 758 459 818 12
474 757 504 834 (i
522 761 556 822 et
570 757 602 834 2)
625 753 780 838 scriptum
804 762 854 822 est
868 755 911 820 M.
928 753 1103 838 Valerium,
1126 755 1163 821 P.
1185 755 1297 823 Pbbli·

129 860 225 926 colae
240 860 382 942 fratrem,
404 857 571 939 inpugna
592 855 781 940 Regillensi,
804 857 857 924 cui
879 857 981 940 legati
1003 875 1135 923 munere
1157 856 1294 941 fungens

132 961 319 1043 interesset,
348 959 443 1026 basta
471 959 570 1024 ictum
601 959 775 1042 cecidisse;
808 979 829 1024 a
857 957 1048 1025 Publicolae
1074 965 1184 1026 autem
1217 959 1294 1027 liliis

132 1061 251 1128 Publio
267 1067 299 1128 et
313 1063 422 1128 Marco
439 1061 607 1127 defensum
621 1061 664 1126 ab
679 1060 848 1144 armigeris
871 1059 1081 1143 inspoliatum
1104 1067 1137 1127 et
1158 1059 1237 1127 adh
1247 1081 1294 1128 uc

133 1164 362 1248 spirantem
374 1163 395 1240 ¹)
412 1182 430 1228 e
445 1163 572 1246 proelio
588 1168 787 1246 asportatum
804 1179 894 1245 esse,
917 1161 993 1227 illos
1008 1166 1127 1244 autem,
1142 1161 1293 1228 Publium

134 1269 167 1330 et
181 1265 334 1347 Marcum,
357 1282 482 1330 summa
497 1283 569 1330 cunr
590 1263 730 1330 audacia
751 1263 785 1328 in
807 1263 933 1329 modios
957 1261 1068 1330 hostes
1091 1281 1162 1330 sose
1185 1265 1297 1330 conie-

133 1366 217 1432 cisse
246 1371 279 1432 et
310 1366 421 1432 multis
453 1366 597 1449 acceptis
626 1365 814 1430 vulneribus
844 1363 990 1432 conferta
1024 1379 1120 1431 manu
1154 1364 1297 1432 bostium

130 1468 256 1534 vcinctos
279 1487 344 1533 una
365 1467 489 1534 occisos
513 1486 593 1534 esse.
637 1467 753 1549 Neque
775 1484 854 1534 vero
875 1467 1006 1550 Livius,
1036 1485 1109 1533 cum
1131 1465 1173 1531 Μ.
1197 1467 1296 1533 Vale·

132 1569 216 1634 rium
247 1574 369 1634 temere
397 1570 431 1634 in
458 1570 590 1634 exulum
618 1570 723 1635 aciem
751 1569 915 1635 invectum
944 1574 977 1635 et
1005 1565 1194 1635 transfixum
1222 1587 1294 1636 esse

134 1671 206 1753 ipse
229 1683 358 1754 quoque
381 1677 519 1753 enarret,
542 1670 584 1736 de
606 1669 642 1735 P.
658 1676 691 1736 et
704 1669 747 1735 Μ.
763 1669 903 1736 Valeriis
925 1676 1076 1754 patruum
1098 1670 1296 1753 protegenti·

132 1772 194 1839 bns
227 1773 383 1856 scriptum
416 1771 593 1856 quidquam
626 1771 769 1838 exhibet.
821 1771 915 1839 Unde
943 1778 1082 1857 apparet
1110 1772 1192 1838 dnos
1222 1772 1296 1838 illos

132 1872 280 1940 Valerios
308 1872 534 1940 adulescentes
561 1874 751 1958 posterioris
785 1871 915 1939 demum
941 1874 1107 1957 scriptoris
1129 1872 1297 1939 annalium

132 1975 319 2041 inventione
342 1973 498 2042 historiae
519 1994 650 2059 pugnae
671 1975 870 2058 Regillensis
892 1975 1001 2042 illatos
1025 1994 1108 2042 esse.

218 2075 289 2142 Iam
310 2078 484 2162 quaeritur,
507 2078 580 2162 quis
595 2078 623 2144 is
638 2077 735 2142 inerit
749 2077 896 2160 scriptor,
918 2083 986 2142 tum
1009 2095 1149 2160 quanam
1171 2077 1297 2143 ratione

133 2177 293 2245 adductus
315 2180 505 2245 memoriam
528 2180 694 2263 vulgatam
716 2178 945 2244 immutaverit.
990 2177 1098 2260 Atque
1120 2177 1203 2243 illud
1226 2179 1296 2261 qui·

132 2281 209 2346 dem
231 2277 328 2346 facile
351 2281 557 2363 perspicitur:
584 2299 690 2364 neque
713 2281 799 2346 enim
821 2279 950 2362 dubito,
980 2279 1057 2362 quin
1086 2278 1141 2345 hio
1169 2299 1298 2363 quoque

133 2383 298 2448 Antiatem
327 2399 485 2447 sommam
514 2383 652 2464 gloriam
673 2382 832 2447 maiorum
854 2397 984 2448 suorum
1010 2387 1217 2464 appetentem
1241 2381 1297 2448 de·

132 2483 411 2568 prehenderimus.
438 2477 523 2549 Nam
535 2502 732 2567 quamquam
748 2484 846 2548 etiam
860 2483 903 2548 ab
918 2483 991 2548 aliis
1004 2481 1190 2548 auctoribus
1201 2481 1297 2549 Vale·

130 2586 253 2650 riorum
270 2584 384 2650 laudes
399 2586 503 2668 magis
519 2586 689 2668 magisque
704 2583 915 2668 augebantur,
937 2590 1046 2650 umen
1061 2584 1112 2666 is,
1136 2586 1202 2667 qui
1224 2605 1297 2668 pro

132 2703 210 2747 uuo
241 2685 307 2750 vel
336 2693 420 2748 tres
440 2685 818 2754 Valerios-eximia
845 2686 1002 2752 virtute
1032 2693 1297 2770 praestantes

133 2786 317 2866 induxit,
345 2805 458 2853 nemo
485 2789 579 2873 fnit,
608 2788 692 2854 nisi
713 2788 865 2854 Antias.
910 2787 1073 2871 Imprimis
1096 2789 1199 2871 enim,
1228 2790 1297 2856 ubi·

134 2907 261 2972 cunque
283 2907 347 2954 non
363 2890 467 2956 solum
482 2907 588 2957 novae
610 2889 730 2956 laudes·
740 2890 774 2954 in
790 2889 955 2957 Valerium
970 2890 1112 2972 aliquem
1135 2889 1298 2959 historicis

133 2991 200 3056 iam
222 2990 386 3072 cognitum
415 2998 626 3058 coacervatae
649 2997 738 3076 sunt,
768 2989 827 3056 sed
854 2991 945 3056 nulla
972 3010 1008 3057 re
1031 2998 1167 3074 cogente
1192 3013 1298 3061 novae

136 3093 254 3175 stirpes
283 3089 360 3157 huic
381 3093 471 3175 genti
493 3093 634 3159 insertae
657 3094 710 3159 vel
732 3093 844 3176 rebus,
875 3094 909 3158 in
931 3093 1048 3176 quibus
1071 3095 1184 3160 nullae
1202 3102 1300 3162 antea

134 3190 339 3258 Valeriorum
368 3199 477 3276 partes
500 3201 606 3277 erant,
633 3202 689 3261 aut
710 3202 858 3261 auctores
880 3201 938 3260 aut
956 3193 1124 3262 adiutores
1147 3215 1220 3262 sera
1242 3196 1297 3264 de·

133 3315 222 3362 mum
255 3295 412 3382 memoria
442 3295 473 3360 ei
508 3298 715 3379 exstiterunt,
749 3297 797 3362 eis
830 3295 911 3362 locis
940 3295 1105 3363 Valerium
1133 3297 1298 3366 Antiatem

134 3416 274 3462 novasse
289 3416 354 3461 non
370 3395 497 3480 iniusta,
515 3395 623 3480 credo,
639 3395 836 3476 mihi‘oritur
850 3399 1001 3480 suspicio.
1029 3397 1125 3465 Velut
1140 3401 1299 3484 inpugna

136 3495 316 3580 Regillensi
338 3497 381 3562 M.
397 3497 563 3564 Valerium
586 3499 691 3566 occidi
714 3500 742 3566 si
763 3500 848 3566 alius
871 3501 944 3582 quis
966 3499 1104 3584 scriptor
1131 3503 1298 3586 noluisset,

134 3601 163 3665 is
185 3618 245 3683 pro
266 3599 309 3664 M.
325 3598 456 3665 Valerio
477 3600 579 3664 alium
594 3600 760 3666 Valerium
786 3601 990 3666 substituisse
1012 3603 1092 3668 satis
1115 3601 1299 3689 habuisset,

135 3701 250 3768 Antias
266 3719 344 3767 vero
367 3699 430 3767 boc
451 3721 516 3768 non
537 3707 705 3768 contentus
721 3703 891 3768 occasione
914 3708 1044 3785 arrepta
1066 3705 1122 3768 uni
1144 3705 1192 3770 illi
1217 3705 1299 3772 duos

134 3804 232 3870 simul
253 3799 390 3868 addidit.
435 3799 560 3880 Quibus
589 3803 747 3886 expositis
769 3802 883 3886 etiam,
906 3820 1006 3886 quare
1028 3803 1143 3873 Antias
1173 3805 1236 3873 bac
1265 3808 1299 3871 in

133 3923 170 3968 re
193 3923 331 3969 novasse
346 3903 427 3968 mibi
442 3905 601 3990 videatur,
617 3905 682 3970 iam
698 3905 801 3990 tetigi.
838 3905 966 3988 Nempe
988 3903 1030 3971 M.
1047 3905 1213 3974 Valerium
1233 3910 1299 3976 iam

130 4161 137 4176 .
222 4122 248 4185 1)
262 4114 381 4191 ‘proptr
399 4116 440 4177 du
458 4115 642 4191 ἐμπνέοντα)

185 4211 301 4266 Leipziger
314 4212 415 4258 Studien.
427 4213 504 4258 XVII.
1113 4215 1142 4264 17
