3170 4984
234 385 276 442 De
292 385 416 442 lontibus
434 385 560 456 Dionysii
578 384 833 442 Hmicarnassensis
850 383 1025 454 quaestiones
1044 385 1145 440 uariae.
1214 383 1278 444 219

197 558 358 643 Sequitur,
374 565 409 626 ut
423 556 589 626 Plutarchi
605 563 638 624 et
653 557 803 643 Dionysii
823 557 871 625 de
893 577 1033 642 pugna
1055 557 1105 626 ad
1128 558 1279 625 silvam

111 661 271 729 Arsiam
299 659 429 728 iacta
455 660 720 728 narrationes
750 661 834 726 inter
863 678 899 726 se
928 658 1132 728 conferamus
1161 660 1278 739 (Plut.

112 765 222 832 Publ.
240 765 300 830 cil
316 763 471 830 Dion.V
486 765 632 840 14-18).
656 763 752 829 Initio
767 781 854 845 pono
867 761 1011 830 eiusdem
1022 763 1070 828 rei
1082 762 1279 845 exemplum,

110 867 152 933 de
183 885 248 951 qua
276 864 375 932 modo
403 863 595 948 appendicis
623 865 697 932 loco
730 864 880 930 disserui.
932 863 1118 932 Secundum
1147 865 1279 931 Livii

113 969 158 1046 (II
181 972 211 1053 6,
228 971 248 1034 6
263 971 346 1052 sqq.)
369 967 604 1050 narrationem,
627 974 802 1050 antequam
824 966 971 1050 peditum
995 967 1157 1032 exercitus
1179 966 1280 1032 adve-

110 1075 237 1153 nerunt,
261 1069 386 1152 equites
402 1074 640 1151 concurrerunt,
663 1069 697 1134 in
721 1069 838 1152 quibus
860 1070 957 1153 primi
979 1069 1145 1152 congressi
1168 1067 1279 1152 duces,

6 1235 19 1254 ,
110 1171 229 1238 Brutus
245 1177 278 1236 et
288 1170 421 1253 Arruns,
435 1170 519 1236 altor
529 1171 667 1236 alterum
682 1169 858 1255 transfixit,
872 1177 988 1256 postea
1003 1169 1134 1236 demum
1150 1169 1280 1253 pedites

112 1275 271 1358 proelium
293 1273 529 1340 commiserunt
545 1307 587 1318 -
602 1272 852 1339 Plutarchus
874 1272 917 1338 de
939 1291 1004 1338 una
1024 1277 1149 1339 tantum
1170 1289 1281 1355 pugna

109 1381 229 1459 narrat,
254 1393 339 1458 quae
361 1394 403 1440 ex
426 1375 603 1442 certamine
625 1375 783 1458 singulari
806 1374 889 1440 inter
903 1374 1038 1440 Brutum
1061 1381 1094 1440 et
1108 1374 1281 1440 Arruntem

109 1479 197 1546 facto
213 1478 341 1544 initium
353 1477 484 1560 ceperit
495 1511 539 1520 -
550 1474 638 1554 Quas
654 1475 802 1543 diversos
817 1475 1008 1543 traditiones
1022 1483 1169 1544 auctor
1184 1475 1280 1542 Dio·

109 1579 223 1664 nysii
240 1580 386 1644 inunum
402 1579 646 1661 conglutinavit
681 1577 765 1646 Nam
782 1579 959 1663 Dionysius
976 1579 1003 1644 V
1022 1583 1061 1644 14
1077 1598 1125 1662 sq.
1140 1578 1280 1664 primum

108 1682 184 1749 love
207 1683 294 1747 inter
316 1681 441 1763 equites
464 1681 624 1764 proelium
641 1681 848 1748 commissum
864 1700 935 1748 osse
958 1681 1073 1765 refert3
1098 1681 1185 1765 qnod
1209 1701 1282 1748 oum

109 1784 227 1852 fnisset
249 1781 394 1864 dubium,
417 1787 502 1848 totos
525 1788 559 1848 et
579 1783 727 1866 peditum
750 1789 783 1850 et
801 1783 946 1866 equitum
970 1784 1132 1850 exercitus
1148 1803 1280 1850 concur·

108 1887 209 1964 risse;
239 1885 428 1969 priusquam
450 1889 560 1950 autom
582 1883 626 1950 ad
649 1905 764 1952 manus
786 1891 920 1952 ventum
950 1890 1050 1967 esset,
1080 1884 1215 1952 Brutum
1237 1885 1280 1952 ab

108 1991 252 2054 Arrunte
274 1986 318 2052 ad
340 1993 504 2052 certamen
526 1987 691 2070 singulare
713 2006 784 2054 esse
806 1993 1030 2070 provocatum.

196 2087 351 2155 Ceterum
379 2088 476 2154 facile
505 2088 719 2173 perspicimus
748 2088 886 2154 eandem
915 2089 1074 2156 rationem
1103 2090 1187 2155 inter
1220 2088 1281 2156 has

109 2189 265 2274 Dionysii
287 2194 321 2256 et
342 2188 508 2256 Plutarchi
530 2196 640 2273 partes
662 2189 880 2272 intercedere,
911 2210 1009 2274 quarn
1039 2192 1123 2258 inter
1144 2191 1280 2274 priores,

108 2293 172 2360 nisi
196 2290 287 2376 quod
308 2311 373 2358 non
395 2296 517 2356 tantum
539 2291 654 2357 Antias
676 2293 811 2358 recessit
832 2313 853 2358 a
875 2294 1037 2360 communi
1060 2292 1157 2376 fonte,
1181 2313 1279 2376 quan·

109 2402 178 2462 tum
201 2413 302 2478 supra
324 2391 476 2460 vidimus.
522 2391 589 2458 Sed
617 2393 716 2460 licoat
738 2392 792 2459 hic
813 2395 894 2477 ipsis
917 2396 1116 2478 argumentis
1138 2401 1281 2478 praeter·

107 2499 219 2566 missis
243 2495 434 2562 sententiam
456 2493 616 2576 proferre:
646 2493 721 2562 hao
749 2514 911 2580 quoquo
941 2496 991 2563 de
1020 2517 1156 2582 pugna
1181 2496 1281 2563 Dio-

107 2600 222 2685 nysii
244 2603 389 2664 auctor
417 2615 494 2663 non
523 2596 686 2662 videtur
708 2596 893 2664 Antiatis
921 2600 1094 2666 annales
1122 2599 1281 2681 adisse,

108 2703 181 2770 sed
203 2707 380 2783 uterque
402 2699 584 2765 fortasse
607 2699 777 2766 eundem
800 2700 966 2766 fontem.

195 2803 315 2886 Neque
338 2820 417 2868 vero
440 2801 612 2868 tacendum
635 2808 685 2868 est
707 2822 759 2868 me
781 2803 932 2870 assentiri
955 2803 1088 2870 Virolrio
1110 2823 1142 2887 p.
1166 2807 1208 2868 56
1230 2825 1281 2870 as·

108 2906 234 2974 serenti
256 2924 354 2970 unam
376 2901 540 2985 quandam
562 2921 630 2968 rem
654 2922 697 2968 ex
720 2904 843 2970 Valerii
864 2905 1006 2972 Antiatis
1028 2906 1200 2972 annalibus
1224 2926 1280 2990 pe-

109 3008 204 3076 titam
220 3027 286 3074 non
299 3005 450 3089 Dionysii
462 3009 637 3087 auctorem,
653 3014 688 3071 at
698 3007 805 3090 ipsum
818 3007 1012 3091 Dionysium
1024 3007 1168 3090 alterius,
1185 3027 1282 3091 quem

110 3111 321 3195 sequebatur,
343 3106 486 3174 auctoris
507 3106 685 3172 narrationi
708 3108 898 3175 inseruisse:
921 3127 1039 3191 nempe
1062 3107 1215 3194 fabulam,
1240 3131 1283 3175 ex

111 3231 178 3295 qua
200 3210 352 3276 Valerius
374 3208 545 3274 Publicola
566 3209 703 3292 primam
720 3211 899 3276 orationem
921 3208 1089 3280 funebrem
1111 3210 1166 3288 (de
1183 3213 1282 3277 Bruto

110 3315 253 3390 mortuo)
277 3310 431 3378 habuisse
452 3309 553 3376 fertur
576 3311 683 3389 (Dion.
708 3312 736 3378 V
757 3317 795 3376 17
819 3313 893 3378 coll.
918 3333 990 3380 oum
1013 3312 1098 3378 Plut.
1121 3313 1215 3379 Publ.
1239 3315 1281 3390 9).

111 3414 199 3481 Nam
224 3413 402 3496 Dionysius
426 3431 498 3478 cum
521 3410 677 3480 hocloco
701 3412 782 3480 duos
805 3413 902 3479 simul
924 3420 1073 3482 auctores
1096 3415 1281 3499 inspiceret,

109 3515 236 3583 factum
260 3521 324 3590 est,
350 3521 386 3580 ut
407 3533 532 3597 errore,
555 3514 699 3598 videtur,
729 3514 764 3581 id
787 3535 860 3581 cum
882 3515 1012 3583 Valerio
1036 3518 1166 3583 Antiate
1189 3519 1280 3583 omit-

110 3624 207 3702 teret,
231 3615 321 3700 qnod
336 3617 378 3683 de
392 3617 547 3683 matronis
562 3635 755 3701 perannum
770 3617 905 3684 Brutum
919 3618 1105 3701 lugentibus
1121 3625 1154 3686 et
1167 3619 1281 3685 Livius

111 3718 203 3802 (117,
221 3721 253 3798 4)
276 3718 375 3785 tradit
396 3725 430 3785 et
450 3719 588 3784 alterum
610 3719 702 3784 illum
718 3719 869 3803 Dionysii
890 3728 1057 3787 auctorem
1079 3722 1282 3788 enarravisse

112 3841 156 3888 ex
178 3821 278 3888 Dion.
301 3821 434 3905 v48,4
456 3820 527 3888 veri
549 3820 655 3886 simile
677 3820 722 3886 fit.

110 3973 240 4044 Dionysii
255 3977 397 4027 auctorem
415 3973 564 4040 spectasse,
582 3975 614 4025 nt
625 3970 775 4028 verioribus
795 3971 935 4028 coloribus
954 3971 1032 4042 qnasi
1049 3988 1108 4028 rem
1126 3979 1281 4041 exornaret,

111 4073 169 4113 non
187 4057 352 4125 negaverim.
384 4055 437 4110 Sed
455 4054 578 4110 diversus
596 4055 637 4110 rei
655 4060 766 4110 euentus
784 4057 844 4111 sine
855 4057 939 4114 dnbio
958 4072 990 4112 eo
1009 4058 1122 4115 allectus
1141 4064 1191 4128 cst,
1209 4059 1281 4128 quod

110 4143 158 4198 ille
171 4148 271 4198 auctor
285 4143 383 4207 varias,
393 4155 462 4210 quas
472 4139 673 4210 descripsimus,
690 4141 835 4198 memorius
846 4141 875 4196 in
890 4157 975 4198 unum
994 4145 1122 4202 consulto
1134 4143 1279 4212 colligarit.
