3170 4984
273 392 315 448 De
332 392 455 450 lontibus
471 391 597 462 Dionysii
613 391 865 448 Halicarnassensis
883 391 1056 460 quaestiones
1074 392 1174 448 uariae.
1243 391 1304 451 217

141 567 256 632 liarem
284 566 424 633 colorem
454 565 594 650 addunt,
623 565 651 632 si
673 565 823 632 Valerius
844 566 960 632 Antias
989 585 1030 631 ex
1060 562 1203 632 sistere
1232 587 1306 652 pro·

142 669 247 736 iectus
270 674 329 750 est,
352 688 436 752 quae
459 687 520 734 nor
540 666 642 734 hodio
661 666 750 751 apud
773 667 967 752 Dionysium
988 668 1136 750 legimns.

232 769 346 838 Unde
378 768 568 837 efficitur
604 768 764 834 Valerii
797 769 983 836 Antiatis
1015 769 1187 837 annales
1219 790 1306 837 non

143 873 275 940 inisse
297 874 452 940 fontem
475 872 564 938 eius
584 872 782 949 auctoris,
811 890 924 955 quem
947 871 1171 955 Dionysius
1191 891 1306 940 secu·

143 983 207 1041 tus
230 979 300 1041 est.
345 974 418 1042 Hoc
438 981 549 1041 autem
570 973 701 1057 cognito
723 973 870 1056 cogimur
892 980 1007 1057 putare
1032 981 1072 1040 st
1099 980 1307 1042 auctorem

142 1077 339 1160 Dionysii
368 1084 408 1143 et
434 1075 642 1142 Valerium
669 1075 876 1140 Antiatem
905 1094 1025 1140 unum
1054 1075 1308 1160 eundemque

142 1178 287 1246 adisse
302 1179 462 1245 iontem.
483 1178 568 1244 Nem
580 1183 745 1245 auctorem
757 1177 908 1259 Dionysii
918 1177 961 1244 ab
969 1177 1099 1243 Antiate
1111 1179 1308 1262 exscriptum

143 1299 216 1348 esse
230 1301 272 1348 ne
287 1281 494 1362 coniciamus,
510 1300 550 1347 eo
562 1279 766 1364 impedimur,
782 1278 870 1361 quod
884 1279 970 1344 aliae
981 1279 1190 1345 inveniuntur
1200 1279 1307 1346 direr-

142 1384 268 1465 sitates,
289 1383 463 1465 exquibus
478 1382 628 1467 Dionysii
649 1381 838 1448 memoriam
853 1382 952 1446 etiam
974 1381 1103 1463 longius
1124 1388 1307 1449 aratorum

143 1486 351 1570 simplicitate
366 1491 524 1550 remotam
539 1501 611 1548 esse
630 1491 797 1566 appareat,
820 1501 917 1564 qnam
932 1483 1112 1557 Antiatis.¹)
1148 1482 1235 1549 Nam
1249 1484 1308 1551 eti-

142 1588 225 1654 amsi
240 1587 282 1654 de
298 1586 434 1669 singulis
456 1586 645 1668 plerumque
662 1583 810 1650 Valerius
825 1584 940 1650 Antias
961 1585 1062 1650 multo
1077 1587 1151 1669 plus
1173 1587 1309 1652 novavit

143 1709 242 1772 qnam
257 1689 409 1772 Dionysii
429 1693 550 1768 auctor,
573 1692 681 1752 tamen
704 1683 758 1752 hic
772 1687 806 1751 iu
826 1685 924 1751 rebus
945 1687 1020 1753 aliis
1043 1706 1085 1752 err
1103 1687 1180 1753 aliis
1193 1687 1308 1754 ordine

143 1790 343 1858 deducendis
365 1796 398 1856 et
411 1796 481 1855 arte
503 1790 586 1862 inter
600 1807 635 1854 se
650 1787 883 1869 coniungendis
899 1789 1069 1872 causisque
1084 1790 1308 1872 probahilibus

142 1892 304 1976 fingendis
332 1891 406 1974 plus
428 1897 461 1956 et
489 1910 585 1956 curae
608 1896 640 1954 et
665 1889 745 1954 artis
767 1890 1020 1972 sagacitatisque
1045 1892 1170 1976 posuit,
1199 1899 1250 1974 ut,
1278 1894 1308 1958 si

143 1996 248 2061 solum
281 2013 388 2060 rerum
417 1991 563 2058 ordinem
596 1997 742 2075 spectes,
776 1991 1011 2075 Dionysianam
1043 1995 1231 2059 memoriam
1265 2015 1308 2061 ex

142 2095 282 2162 Antiatis
305 2094 480 2160 Valeriana
501 2093 649 2178 prodisse
672 2094 770 2160 facile
792 2093 926 2159 iudices.
972 2094 1100 2160 Etenim
1129 2096 1306 2162 secundum

143 2197 257 2263 Livii
279 2198 496 2262 narrationem
518 2197 670 2262 iuvenum
692 2196 901 2279 patriciorum
922 2216 943 2260 a
965 2195 1143 2279 Tarquinio
1159 2197 1307 2281 Superbo

144 2305 366 2382 corruptorum
389 2299 567 2365 coniuratio
595 2299 685 2363 nullo
707 2298 837 2364 vinculo
866 2318 939 2364 cum
961 2299 1131 2381 Tarquinii
1154 2299 1307 2367 Collatini

144 2401 350 2468 abdicatione
374 2398 536 2466 cohaeret.
574 2397 673 2464 (luins
695 2400 742 2464 rei
766 2419 866 2466 causa
878 2399 963 2464 adeo
985 2420 1049 2464 non
1065 2419 1107 2464 ex
1125 2401 1183 2466 ills
1198 2403 1307 2468 coniu·

143 2503 269 2570 ratione
290 2503 456 2584 repetitur,
478 2509 514 2568 nt
535 2507 602 2566 tum
625 2500 754 2566 demum
768 2502 903 2568 iuvenes
918 2503 1104 2567 coniurasse
1125 2502 1307 2588 audiamus,

143 2613 317 2689 postquam
329 2603 525 2670 Collatinum
537 2624 579 2668 ex
589 2603 670 2668 urbe
681 2602 860 2670 decessisse
871 2603 1009 2686 legimns
1023 2603 1308 2689 (Liv.112‚3sqq.;

143 2707 177 2772 Π
193 2709 297 2784 3-5).
322 2704 548 2772 Plutarcho
563 2713 672 2770 antem
686 2713 818 2770 auctore
833 2724 905 2770 cum
923 2724 965 2769 ex
980 2706 1154 2772 coniuratis
1169 2709 1307 2791 Aquillii

145 2815 179 2874 et
200 2808 326 2874 Vitellii
349 2827 420 2873 cum
444 2805 604 2872 Collatino
628 2806 786 2872 affinitate
808 2807 969 2872 coniuncti
992 2817 1093 2891 erant,
1116 2817 1183 2874 tum
1200 2809 1307 2876 Colla·

144 2910 231 2976 tinus
253 2917 385 2992 propter
401 2909 616 2992 clementiam,
640 2929 706 2992 qua
726 2909 761 2973 in
782 2910 908 2992 patriae
930 2910 1005 2974 illos
1027 2909 1210 2992 proditores
1233 2932 1307 2977 eon-

145 3012 285 3078 eulturus
307 3010 421 3090 fuerat,
445 3012 565 3077 civium
587 3011 745 3076 iuvidiam
768 3011 831 3076 sibi
853 3009 1015 3077 conflavit.
1060 3010 1133 3090 Qua
1154 3033 1205 3097 rs,
1229 3034 1307 3097 quo·

234 3234 258 3296 1)
276 3229 328 3282 Hic
350 3229 462 3283 minoris
485 3232 529 3283 est
546 3228 688 3294 momenti,
711 3227 784 3296 quod
806 3228 938 3282 nonnulla
960 3227 1035 3296 apud
1053 3228 1215 3298 Dionysium
1231 3230 1308 3298 legis,

145 3329 216 3384 quae
228 3313 302 3382 apud
313 3313 490 3367 Plutarchum
502 3313 613 3380 desunt;
632 3312 729 3378 quibus
742 3327 775 3366 ex
786 3313 868 3368 rebus
881 3318 973 3366 tamen
985 3313 1054 3368 duas
1065 3321 1207 3368 auctorem
1218 3329 1308 3384 popu·

144 3399 244 3453 larium
261 3398 381 3467 partium
398 3397 515 3466 prodere
539 3412 605 3451 cave
626 3401 719 3466 putes:
744 3396 806 3451 dico
830 3397 903 3465 leges
925 3400 1088 3467 populares,
1111 3413 1180 3466 quae
1199 3399 1309 3453 Seruius

146 3483 254 3537 Tullius
272 3483 335 3536 olim
353 3481 466 3546 tulerat,
484 3482 625 3536 restitutas
643 3482 735 3547 (Dion.
753 3481 777 3534 V
796 3486 821 3550 2,
839 3485 865 3548 2)
888 3487 916 3536 et
933 3483 1006 3537 bona
1022 3498 1115 3551 regum
1133 3484 1308 3552 expulsorum

144 3567 255 3638 publice
273 3567 376 3622 ciuibus
393 3582 540 3636 regumque
557 3581 637 3636 agros
654 3566 821 3636 pauperibus
834 3566 981 3622 distributa
992 3567 1027 3634 (V
1042 3571 1081 3633 13,
1094 3571 1128 3633 2).
1156 3567 1235 3622 Tabe
1252 3585 1308 3623 non

145 3653 301 3709 necessario
319 3651 355 3706 ad
373 3652 507 3706 Licinium
525 3653 650 3706 Macrum
667 3652 804 3718 revocari,
829 3667 863 3706 ex
881 3667 913 3707 eo
933 3651 1118 3721 cognoscitur,
1141 3651 1214 3722 quod
1230 3654 1312 3722 prius·

144 3737 213 3793 illud
233 3737 269 3792 ad
285 3737 420 3805 vulgatam
439 3738 472 3792 de
484 3737 578 3792 Seruio
591 3737 682 3792 Tullio
701 3737 865 3807 opinionem,
884 3751 965 3806 quam
982 3737 1037 3792 ianr
1048 3738 1224 3793 robustissimi
1242 3753 1308 3792 auo·

145 3827 222 3879 tores
241 3823 294 3878 sibi
310 3823 455 3887 finxerant,
473 3822 592 3891 quadrat
607 3822 653 3886 (ci.
666 3822 725 3876 Lis.
739 3822 806 3888 146,
821 3828 833 3876 i
853 3837 934 3892 quem
951 3823 1041 3877 locum
1059 3837 1093 3876 ex
1109 3823 1309 3893 antiquioribus

146 3907 291 3962 annalibus
308 3906 422 3961 fluxisse
440 3913 548 3962 constat
565 3911 594 3962 et
611 3907 692 3961 Dion.
711 3905 737 3960 V
756 3911 798 3975 20,
817 3923 897 3977 quem
907 3906 1015 3961 Licinio
1027 3906 1124 3963 Macro
1141 3923 1198 3962 non
1215 3908 1310 3963 deberi

146 4007 227 4061 spero
245 4007 288 4045 me
305 3992 356 4046 tibi
368 4007 564 4060 persuasurum
582 3999 661 4059 esse),
681 3998 709 4047 ct
720 3992 792 4061 quod
804 3991 903 4047 eminet
914 3991 950 4046 ad
962 4007 1091 4060 agrorum
1101 3991 1308 4061 assignationes,

145 4077 211 4130 item
235 4077 425 4146 antiquissima
448 4077 579 4132 memoria
601 4078 655 4132 iam
676 4078 748 4134 idem
772 4077 880 4134 Seruius
904 4076 1012 4132 Tulhus
1033 4091 1113 4146 agros
1140 4078 1309 4148 pauperihus

147 4161 318 4216 distribuisse
335 4161 475 4217 serebatur
492 4163 539 4227 (ci.
558 4162 618 4218 Lis.
636 4163 711 4228 146,
731 4167 765 4230 1).
