3270 4968
448 347 490 403 De
508 347 633 404 codicum
650 349 849 405 lacerateornm
866 348 1039 406 auctoritate.
1280 351 1320 412 29

168 521 325 590 Urbinate
347 520 479 605 quidem
502 520 629 588 sublata
651 525 730 589 eat“.
745 524 765 600 ¹)
810 522 902 602 Quae
924 528 1031 590 tamen
1059 525 1218 592 sententia
1246 526 1323 592 ferri

167 645 232 692 non
254 623 422 708 potuisset,
445 623 507 690 nisi
530 623 635 692 codex
650 625 790 692 Urbinas
806 645 847 691 ex
862 624 1005 692 Bekkeri
1021 626 1193 694 collatione
1208 646 1322 710 parum

167 732 261 794 notus
283 724 411 809 fuisset,
439 725 525 808 qnod
549 727 653 794 exiis
676 726 855 794 orationum
882 725 909 810 I,
932 727 977 793 IV
1000 727 1105 812 ottae,
1129 729 1216 813 VIII,
1240 729 1321 796 XIII

168 827 361 896 lectionibus
394 828 614 912 cognoscitur,
652 849 735 913 quae
768 827 877 898 adhuc
910 849 928 896 e
962 829 1075 897 codice
1108 830 1322 899 AmbrosIano

170 929 300 1014 quidem
322 929 536 1014 innotuerunt,
561 932 620 998 sed
642 931 777 999 eaedem
800 933 833 998 in
855 931 1012 999 Urbinate
1035 931 1237 1000 exhibentur.

252 1050 320 1114 Ι2.
343 1044 430 1126 ὑμᾶς
452 1053 483 1112 Γ
480 1050 517 1114 E.
565 1055 614 1116 11.
637 1049 812 1133 γινόμενον
835 1053 866 1115 Ε
872 1074 879 1117 :
901 1047 1077 1132 τινύμενον
1101 1057 1131 1115 Γ
1149 1072 1208 1136 pr,
1233 1050 1323 1136 μινύ·

168 1174 268 1232 μενον
300 1171 379 1218 corr.
403 1153 433 1216 2.
480 1154 528 1217 12.
552 1147 591 1217 ού
621 1151 762 1216 δυνατὸν
785 1155 833 1218 E:
867 1151 1008 1217 δυνατὸν
1031 1157 1061 1216 Γ
1080 1173 1139 1240 pr,
1173 1150 1213 1219 οὗ
1242 1175 1267 1222 a.
1291 1175 1323 1221 v.

168 1253 243 1321 add.
279 1255 308 1318 2.
359 1255 410 1319 26.
433 1248 637 1335 ἀτυχοῦσαν)
671 1255 732 1336 μὲν
766 1261 797 1320 Γ
794 1257 832 1318 Ε.
877 1258 927 1321 35.
962 1251 1048 1339 ὑπὲρ
1080 1261 1147 1321 τιῦν
1181 1263 1323 1323 σεαυτοῦ

167 1359 210 1421 E:
242 1349 328 1438 ὑπὲρ
352 1361 495 1421 σεαυτοῦ
526 1361 558 1420 Γ
581 1378 640 1442 pr,
671 1357 737 1423 τῶν
760 1379 786 1426 a.
809 1379 840 1426 v.
863 1357 938 1425 add.
962 1361 992 1424 2.

251 1457 296 1524 IV
308 1460 358 1524 62.
375 1455 541 1543 τοσαύτην
558 1455 776 1539 εὐδαιμονίαν
793 1458 1038 1547 κατεκτήσαντο
1051 1464 1117 1526 ΓΕ.
1142 1462 1192 1528 82.
1209 1459 1322 1526 τοιαύ-

167 1584 242 1636 ταις
264 1563 330 1625 ΓΕ.

253 1663 331 1730 VIII
342 1666 392 1729 32.
406 1660 568 1747 πράττειν
580 1664 712 1746 βέλτιον
724 1667 782 1729 ΓΕ
794 1669 867 1745 (om.
880 1671 946 1729 τῶν
958 1662 1090 1745 ἄλλων).
1125 1670 1176 1733 37.
1193 1663 1322 1750 πότερα

169 1769 234 1832 ΓΕ.
280 1770 331 1832 65.
354 1760 447 1845 ὑμῶν
469 1771 501 1829 Γ
497 1768 535 1831 Ε.
581 1769 631 1832 72.
655 1762 811 1850 ἀλλήλοις
834 1771 865 1830 Γ
862 1769 898 1833 Ε.
937 1772 1008 1833 100.
1032 1766 1233 1853 φλειασὶονς
1256 1773 1287 1832 Γ
1284 1771 1322 1835 Ε.

253 1868 334 1934 XIII
361 1870 407 1933 13.
432 1868 569 1933 καὶτοῦ
593 1872 717 1944 καινῶς
741 1868 829 1950 ἔχειν
852 1872 947 1933 ΓΔΕ.

254 1970 338 2035 Aliis
354 1989 482 2053 quoqne
498 1971 588 2054 locis,
612 1971 728 2054 quibus
744 1970 847 2038 codex
862 1973 1094 2040 Ambrosianus
1109 1973 1150 2039 ab
1167 1973 1322 2040 Urbinate

169 2073 291 2140 dintare
313 2072 567 2157 existimabatur,
592 2074 721 2141 codices
744 2077 802 2138 ΓΕ
822 2073 1038 2142 consentiunt:

256 2173 300 2240 lv
324 2179 375 2240 57.
399 2164 520 2258 ἥττους
542 2172 702 2256 attens,
725 2172 843 2260 ἥττους
860 2170 968 2240 αὐτῶν
985 2177 1179 2242 ΕΛΘαΛαε
1201 2172 1321 2264 ἥττους

170 2295 272 2361 usque
294 2276 336 2342 ad
358 2275 462 2358 μείζω
487 2298 548 2345 om.
575 2282 618 2364 Θ,
644 2270 763 2365 ἥττους
779 2276 882 2344 αὐτοῦ
897 2283 929 2344 Δ
943 2299 1022 2347 corr.
1040 2284 1069 2346 3.
1107 2283 1157 2346 68.
1175 2278 1322 2364 ἔγκλημα

169 2383 241 2445 PE:
279 2377 465 2466 ἐγκλήματα
503 2381 694 2447 &stow
747 2384 796 2448 82.
831 2380 912 2465 περὶ
948 2381 983 2447 δὲ
1019 2385 1125 2448 ΓΕΘι
1162 2379 1250 2468 πρὸς
1285 2379 1322 2446 δὲ

169 2481 330 2545 ΛΘαΛα.
376 2485 425 2550 83.
448 2477 508 2568 τήν
533 2482 714 2566 σύμπασαν
738 2481 862 2550 &tiata
877 2489 909 2548 Γ
906 2487 935 2548 Ε
941 2508 948 2550 :
971 2481 1032 2566 τὴν
1048 2481 1172 2548 ἑλλάύα
1189 2481 1323 2565 σύμπα-

170 2578 233 2648 boo
260 2585 340 2667 ΘΛ,
362 2584 422 2668 τὴν
446 2583 570 2650 §iteca
593 2591 707 2650 πᾶσαν
735 2585 852 2652 ΘαΛα.

256 2702 333 2769 VIII
364 2706 415 2769 32.
439 2696 522 2790 ὅσην
551 2705 734 2773 ΓΕΘαΛαι
769 2697 917 2790 ὅσονπερ
940 2707 1023 2783 ΛΠ,
1059 2699 1209 2788 ύσηνπερ
1245 2704 1322 2772 edit.

171 2809 222 2872 52.
247 2802 494 2884 καθιστάμενοι
511 2801 569 2883 οὓς
581 2812 611 2871 Γ
609 2810 650 2874 E:
673 2813 884 2891 καθίσταμεν
901 2804 954 2885 οἶς
969 2811 1052 2873 ΛΠ.
1087 2809 1139 2873 68.
1157 2811 1323 2892 συμφέρει

170 2912 241 2974 PE:
276 2912 450 2992 συμφέρον
472 2915 520 2973 A.
567 2914 637 2976 100.
667 2910 725 2999 τὴν
755 2910 893 2994 α’ργείαν
917 2915 986 2976 PE:
1019 2907 1078 2996 τὴν
1106 2903 1250 2994 ύργείυιν
1275 2917 1323 2974 Λ.

173 3015 243 3078 102.
266 3004 334 3074 ύπὸ
356 3015 416 3094 τῆς
439 3001 544 3095 ἀρχῆς
567 3015 676 3080 FEA:
699 3011 823 3098 ταύτης
846 3013 921 3080 add.
937 3013 1013 3080 odit.
1055 3015 1124 3079 129.
1147 3006 1236 3096 ἡμᾶς
1252 3017 1283 3076 Γ
1280 3015 1323 3078 E:

169 3108 258 3192 ὑμᾶς
280 3118 327 3179 A.
375 3115 445 3180 133.
468 3112 666 3195 ποιούμεθα
681 3119 752 3182 TE:
775 3113 960 3195 ποιώμεθα
976 3121 1024 3180 Λ.
1065 3119 1135 3180 140.
1153 3120 1323 3199 σωτηρίας

171 3221 202 3280 Γ
198 3217 343 3280 ΕΛΛαι
368 3221 523 3300 σωτῆρος
548 3218 607 3281 Θα.

258 3318 390 3384 Ευιοιεε
413 3324 520 3384 autem
543 3339 606 3385 non
630 3321 733 3386 solum
756 3319 799 3386 ad
814 3319 958 3386 codicem
974 3319 1162 3387 Urbinatem
1178 3319 1324 3404 attinent,

175 3440 248 3487 oum
270 3439 311 3484 ne
332 3420 564 3487 AmbrosIanue
587 3421 716 3505 quidem
739 3428 889 3488 accurate
912 3441 1065 3488 excussus
1088 3421 1138 3488 eit.
1183 3420 1266 3487 Nam
1292 3421 1325 3486 in

173 3522 370 3588 orationibus
401 3522 445 3587 IV
476 3525 569 3602 ottae
598 3530 630 3589 et
659 3523 736 3588 VIII
764 3523 919 3590 lectiones
949 3522 1105 3608 quasdam
1139 3541 1181 3589 ex
1214 3521 1325 3589 codice

173 3624 387 3690 Ambrosiano
410 3625 528 3709 petitae
551 3643 622 3691 esse
645 3625 705 3690 vici
736 3625 823 3691 docti
854 3625 1018 3709 putabant,
1049 3645 1128 3708 qnae
1157 3643 1262 3708 neque
1292 3626 1326 3690 in

172 3724 386 3792 Ambrosiano
403 3726 523 3809 inveni,
546 3745 650 3810 neque
667 3746 708 3791 ex
723 3727 789 3792 alio
805 3725 945 3808 quodam
962 3726 1085 3810 codice,
1109 3746 1171 3792 uno
1187 3732 1324 3810 excepto

172 3829 246 3893 loco
269 3827 414 3910 cognitas
438 3827 558 3893 habeo:

174 3971 378 3981 ———

261 4048 286 4110 1)
303 4043 434 4101 Isocratis
451 4044 633 4115 Panegyricus
652 4045 693 4100 ed.
712 4043 820 4114 Spohn3
838 4045 901 4102 edit.
919 4045 946 4100 11
965 4045 1073 4102 curavit
1089 4045 1116 4102 J.
1136 4046 1169 4102 G.
1188 4045 1326 4100 Baiterua.

172 4131 249 4200 Lipa.
270 4133 345 4186 1831.
364 4130 451 4202 praef.
469 4147 497 4201 p.
517 4129 617 4186 XXIX.
