3134 4986
297 343 360 402 378
749 342 875 412 lidgarus
891 342 1006 398 11111111

299 520 437 585 uoculae
465 514 690 602 praegreditur
713 536 786 583 cum
808 535 848 582 ea
870 536 954 600 quae
976 516 1066 582 illam
1088 515 1232 599 sequitur
1254 515 1397 599 quidque
1419 536 1459 582 ex

298 621 366 688 illis
389 618 622 687 consectarium
646 618 688 683 sit
708 617 901 701 aperiamus.
939 618 1046 700 Atque
1068 615 1130 683 hoo
1152 617 1260 683 statim
1281 617 1461 701 praefracte

299 741 385 806 nego
407 721 509 804 ipsius
524 718 692 786 Posidonii
714 719 816 785 verba
836 721 909 786 loco
931 715 1137 803 aSimplicio
1159 723 1288 784 servato
1304 718 1461 785 exhiberi.
1551 739 1552 742 ¹

299 823 429 888 Etenim
460 820 648 888 Alexander
679 820 708 886 si
741 819 828 904 apud
857 820 1029 887 Geminum
1062 819 1134 905 ipsa
1162 818 1330 886 Posidonii
1363 823 1464 888 verba

300 924 452 1008 adposito
475 921 570 988 huius
592 923 721 988 nomine
736 920 900 1006 descripta
914 922 1101 1003 invenisset,
1125 919 1213 997 λέξιν
1228 917 1304 985 τινὰ
1321 925 1463 1003 Γεμίνου

300 1046 336 1094 11
366 1023 494 1092 adferre
523 1025 612 1090 nullo
639 1029 735 1108 pacto
757 1023 865 1090 dicere
887 1025 993 1108 potuit
1014 1042 1209 1108 prorsusque
1232 1023 1373 1090 absurda
1397 1025 1464 1092 eius
1552 1089 1553 1102 ,

300 1128 447 1195 clausula
476 1132 560 1192 erat:
591 1121 678 1188 οὕτω
706 1122 766 1206 μὲν
789 1107 847 1190 οὖν
875 1118 971 1190 καὶὸ
997 1129 1138 1207 Γεμῖνος
1160 1118 1234 1210 ἤτοι
1257 1119 1274 1190 ὁ
1299 1121 1397 1211 παρὰ
1418 1135 1465 1210 τῷ
1552 1117 1553 1122 ’

301 1233 433 1314 Γεμίνῳ
456 1224 705 1303 Ποσειδώνιοςτ
734 1227 870 1310 perinde
892 1228 990 1310 -quasi
1017 1227 1178 1312 quispiam
1201 1228 1374 1312 exscriptis
1398 1250 1463 1296 car·

300 1333 396 1398 minis
425 1329 511 1414 quod
536 1326 705 1394 Λεόντιον
734 1329 919 1395 inscribitur
946 1329 988 1394 ab
1017 1329 1187 1396 Athenaeo
1216 1331 1249 1394 11
1277 1329 1362 1395 libro
1385 1330 1465 1396 XIII

301 1432 439 1498 servatis
461 1432 609 1498 versibus
632 1430 716 1498 hanc
738 1429 980 1496 adnotationem
1003 1430 1186 1497 subfixerit:
1214 1420 1300 1494 οὕτω
1322 1429 1385 1513 μὲν
1409 1418 1464 1498 οὖν

300 1534 357 1597 καὶ
380 1526 398 1596 ὃ
418 1525 604 1620 Ἀθηναῖος
626 1521 702 1618 ἤτοι
725 1525 742 1596 ὁ
766 1528 861 1614 παρὰ
889 1532 938 1616 τῷ
956 1523 1131 1619 Ἀθηναίῳ
1149 1525 1374 1618 Ἑρμησιάναξ
1381 1535 1390 1600 1
1424 1538 1465 1602 At

302 1635 427 1720 optimo
464 1637 534 1701 iure
559 1634 713 1700 Antonini
746 1634 904 1700 Liberalis
940 1634 1005 1700 fab.
1034 1633 1208 1700 XXXIX⁸⁰
1241 1635 1465 1720 subscripserit
1553 1707 1554 1722 1

301 1738 391 1820 quis:
415 1726 502 1800 oiim
517 1734 579 1818 μὲν
594 1718 653 1799 οὖν
668 1735 722 1799 καὶ
740 1728 757 1798 ὁ
770 1727 968 1812 Ἀντωνῖνος
983 1728 1059 1818 ἤτοι
1074 1732 1091 1800 ὁ
1108 1731 1203 1819 παρὰ
1217 1736 1266 1819 τῷ
1280 1727 1463 1822 Άντωνίνῳ

299 1832 532 1924 Ἑρμησιάναξ.
586 1837 737 1921 Namque
770 1839 930 1904 Liberalis
962 1859 1026 1904 non
1060 1839 1162 1922 ipsius
1190 1837 1463 1908 Hermesianaclis

302 1941 415 2006 laudat
437 1940 547 2021 verba,
571 1938 628 2004 sed
651 1939 718 2005 suis
740 1940 849 2006 verbis
867 1960 961 2023 quam
978 1939 1066 2022 apud
1082 1939 1319 2024 Colophonium
1335 1949 1462 2025 poetam

301 2042 384 2125 legit
403 2041 548 2106 fabulam
571 2047 707 2106 enarrat.
744 2039 842 2105 Haud
864 2041 959 2106 alitor
982 2041 1138 2107 Geminus
1160 2042 1227 2107 suis
1249 2043 1361 2110 verbis
1374 2043 1462 2110 Posi·
1554 2091 1555 2138 3

301 2142 392 2208 donii
422 2142 463 2208 de
493 2141 678 2208 discrimine
706 2142 789 2208 inter
818 2143 1027 2224 astrologiam
1051 2148 1084 2208 et
1109 2141 1350 2228 physiologiam
1371 2146 1462 2212 iuter·

302 2244 439 2312 cedente
467 2245 660 2310 sententiam
688 2245 878 2328 exposuisse
900 2243 1079 2312 censendus
1103 2253 1160 2311 111.
1205 2245 1272 2312 Sed
1295 2246 1383 2312 unde
1406 2246 1461 2314 hoc
1550 2291 1555 2314 1

300 2345 435 2412 rescivit
449 2345 738 2430 Aphrodisiensis?
770 2345 844 2411 Non
865 2345 1015 2412 fallemur
1037 2347 1161 2430 opinor,
1183 2349 1211 2414 si
1233 2349 1461 2432 1111111111-

301 2468 378 2514 num
408 2448 477 2513 sive
506 2448 598 2514 initio
628 2448 754 2514 sivein
777 2454 922 2514 extrema
943 2454 1036 2530 parte
1058 2447 1150 2516 istius
1172 2449 1462 2535 disputatiunculae

302 2549 470 2616 Posidonii
498 2549 673 2615 sententias
695 2569 824 2616 —non
846 2549 962 2614 verbal
984 2584 1026 2594 -
1049 2569 1120 2616 sese
1143 2571 1334 2634 expromere
1357 2555 1462 2636 aliquo
1555 2557 1556 2608 1

302 2649 905 2735 modosignificavisseautumabimus.
939 2650 1008 2716 Iam
1020 2653 1104 2718 ultro
1116 2659 1206 2736 patet
1217 2655 1462 2737 quiAlexauder

304 2752 413 2818 dicere
442 2754 597 2836 potuerit:
632 2742 719 2816 οὕτω
747 2750 808 2834 μὲν
838 2737 896 2816 οὖν
923 2751 980 2816 καὶ
1007 2745 1025 2816 ὁ
1050 2757 1191 2834 Γεμῖνος
1217 2748 1293 2841 ἤτοι
1322 2749 1340 2819 ὃ
1371 2753 1462 2838 παρὰ

304 2857 335 2916 Γ
333 2857 436 2938 εμίνῳ
459 2850 690 2929 Ποσειδώνιος
711 2850 776 2918 κτὲ.
811 2853 959 2920 Ceterum
976 2854 1127 2936 equidem
1142 2857 1354 2924 iniudicatum
1370 2861 1461 2926 11111·

302 2975 367 3038 quo
394 2963 500 3021 utrum
523 2956 700 3021 sententiae
723 2956 799 3020 illae
821 2953 1060 3022 Posidonianae
1082 2975 1162 3039 quas
1184 2959 1251 3026 suis
1272 2961 1384 3028 verbis
1407 2963 1461 3029 cir·

304 3057 505 3140 cumscripsit
538 3057 693 3124 Geminus
730 3056 840 3123 sedem
876 3075 968 3123 suam
1005 3055 1177 3125 habuerint
1212 3062 1246 3126 in
1275 3054 1461 3130 ί1111111111

303 3149 576 3240 meteorologicis’
615 3179 657 3223 an
690 3158 732 3224 ad
766 3157 880 3224 horum
914 3160 1166 3244 explicationem
1202 3183 1244 3228 ex
1279 3164 1366 3232 libro
1396 3159 1462 3231 ‘De

302 3257 472 3326 meteoris‘
488 3265 544 3325 ant
560 3279 601 3324 ex
614 3252 854 3344 ‘Disputatiouc
868 3251 1019 3345 physica²
1038 3263 1080 3328 ab
1101 3264 1276 3349 interprete
1290 3268 1462 3334 arcessitae

303 3363 377 3429 sint.
424 3361 495 3426 Hoc
523 3380 601 3426 sane
624 3361 705 3426 mihi
726 3363 798 3428 veri
821 3362 958 3429 similius
982 3363 1117 3431 videtur.
1163 3364 1302 3433 Omnino
1324 3367 1463 3434 dubitari

302 3464 415 3547 nequit
436 3464 515 3547 quin
530 3462 684 3529 Geminus
707 3463 750 3528 ad
765 3464 999 3530 inlustrandum
1015 3471 1111 3549 atque
1127 3467 1340 3534 enarrandum
1357 3470 1463 3537 enchi·
1512 3507 1515 3520 ·

302 3564 422 3629 ridinm
438 3565 722 3648 meteorologicum
737 3565 912 3648 ampliores
923 3566 1137 3652 Apameensis
1153 3569 1193 3636 de
1208 3571 1304 3638 rebus
1319 3571 1464 3656 physicis

303 3671 337 3730 et
358 3666 617 3749 meteorologicis
639 3665 739 3732 libros
760 3665 954 3732 adhibuerit.

389 3765 457 3831 Iam
480 3787 558 3834 vero
578 3774 802 3851 argumentum
825 3767 1008 3836 Geminiani
1029 3770 1094 3838 loci
1116 3773 1394 3854 consideremus.¹)
1428 3776 1464 3858 In

303 3866 395 3932 cuius
417 3869 525 3952 priore
548 3875 640 3953 parte
663 3868 741 3952 quid
763 3870 954 3954 astrologia,
978 3871 1185 3958 physiologia
1205 3874 1285 3958 quid
1306 3876 1348 3943 sit
1369 3895 1464 3960 prae-

309 4001 513 4012 *-

390 4087 414 4150 1)
432 4083 474 4142 cl.
491 4085 623 4142 Peterson
636 4080 752 4146 ι1111111.
771 4087 866 4159 chrys.
885 4085 1016 4146 lundam?
1034 4093 1166 4162 (181111).
1185 4095 1250 4161 2443
1268 4094 1332 4162 25¹3
1351 4097 1411 4148 111.
