3170 4984
315 379 378 438 234
792 375 858 432 orto
876 375 1003 430 Bcchsch

314 571 528 639 agnoscemus
549 551 672 617 reiecta
694 549 896 632 suspicione,
925 567 1010 633 quae
1033 549 1221 633 ceteroquin
1249 544 1339 614 haud
1361 546 1483 612 iniuria
1576 539 1577 590 ἲ

313 657 413 723 alicui
429 655 591 721 orationes
612 651 808 735 aDionysio
822 649 968 717 redditas
990 651 1112 734 legenti
1128 651 1238 732 orium,
1260 648 1302 715 ab
1325 646 1389 715 hoc
1407 648 1482 732 ipso
1576 681 1577 708 ;

314 757 396 824 illud
418 758 585 822 inuentum
608 773 690 821 esse
728 752 833 838 Adde,
857 752 945 836 quod
967 754 1033 820 inm
1056 771 1155 836 cupra
1169 752 1314 818 uidimus
1327 771 1400 817 cum
1420 751 1483 816 tali

315 859 507 928 condicione
523 857 622 923 eham
643 855 785 938 priorem
807 856 898 920 illurn
921 855 1039 938 locum,
1063 855 1156 939 quasi
1172 855 1309 918 alterum
1333 852 1482 920 eiusdem

313 965 363 1029 rei
385 961 576 1044 vestigium,
598 977 694 1043 posse
718 958 884 1024 conciliari
908 958 949 1035 (V
965 961 1018 1039 61,
1034 961 1077 1035 4).
1122 955 1243 1022 Ocnba
1271 957 1305 1022 in
1327 956 1484 1039 Dionysii

306 1065 357 1131 de
379 1063 468 1129 bello
483 1063 618 1127 Etrusco
632 1061 817 1126 narratione
830 1058 948 1126 frustm
963 1061 1139 1143 quaeritur,
1161 1063 1197 1124 ut
1211 1059 1278 1124 iam
1292 1058 1372 1141 dixi,
1397 1057 1484 1124 haec

315 1165 480 1247 condicio,
503 1163 580 1246 quin
596 1182 660 1227 non
675 1161 773 1227 modo
788 1162 942 1229 Romanis
964 1180 1135 1228 armenon
1149 1159 1289 1226 redemit
1303 1161 1483 1242 Porsenna,

314 1267 372 1334 sed
396 1267 493 1332 etiam
516 1285 595 1348 agro
618 1265 764 1331 Murano
787 1283 860 1330 cum
883 1263 1073 1346 decederet,
1103 1263 1150 1329 eis
1173 1270 1280 1330 castra
1303 1263 1483 1346 opulentis

314 1373 397 1438 sima
418 1369 511 1435 dedit
533 1369 585 1447 (of.
609 1368 681 1432 Val.
703 1367 776 1432 Ant
799 1366 888 1449 apud
910 1366 994 1431 Plut.
1018 1366 1111 1431 Publ.
1139 1368 1191 1448 193
1207 1365 1310 1430 Dion.
1327 1365 1356 1428 V
1372 1368 1424 1451 34,
1443 1373 1482 1457 43
1576 1441 1577 1464 ἶ

313 1475 385 1539 Liv.
401 1473 433 1538 ΙΙ
450 1477 502 1550 14)
525 1470 673 1538 omnihus
689 1469 828 1552 captivis
843 1469 913 1534 sine
928 1468 1034 1551 pretio
1049 1465 1185 1535 redditis
1201 1469 1309 1545 (Dion.
1325 1468 1354 1534 V
1370 1471 1423 1553 34,
1438 1475 1482 1546 4).

398 1575 498 1658 Atqui
511 1575 567 1639 ille
578 1563 629 1638 M?
640 1571 789 1637 Valerius
800 1570 874 1636 M.f.
890 1569 1014 1649 (Volesi
1029 1572 1073 1647 n.)
1085 1569 1107 1651 ¹)
1123 1571 1192 1636 sine
1205 1569 1305 1637 dubio
1320 1571 1484 1638 aValerio

314 1678 444 1744 Antiate
468 1675 621 1743 historiae
643 1675 823 1740 inculcatus
841 1676 935 1756 este,
957 1672 1000 1738 ad
1023 1692 1119 1756 quam
1141 1673 1334 1738 sententiam
1357 1675 1483 1757 optime
1576 1669 1577 1706 l

314 1780 462 1864 quadrat,
484 1777 571 1862 quod
594 1777 650 1842 ille
665 1775 773 1859 plebis
789 1794 931 1857 causam,
953 1775 1142 1842 Publicolae
1158 1775 1296 1858 gloriam
1311 1783 1484 1861 appetens,

313 1881 461 1948 defendit
483 1879 636 1960 (DionV
658 1883 699 1944 64
711 1883 804 1962 sqq),
828 1898 900 1944 cum
915 1878 1042 1962 Appius
1066 1875 1221 1943 Claudius
1244 1879 1352 1960 plebis
1374 1880 1483 1944 inimi·

314 1985 463 2050 sissimus
479 1983 682 2065 depingatur.
715 1981 801 2063 Ergo
822 1981 919 2048 facile
935 1981 1129 2047 concluserit
1143 1981 1264 2063 aliquis
1280 1982 1380 2046 etiam
1395 2001 1484 2047 com·

313 2093 455 2152 meatum
476 2084 666 2151 allemanie
681 2083 866 2149 Porsennae
888 2083 999 2148 datum
1015 2102 1171 2166 mmaqm
1193 2082 1323 2167 tradita,
1345 2083 1389 2150 de
1412 2085 1484 2167 qui

313 2189 375 2254 bus
389 2187 417 2252 V
433 2189 484 2272 65,
502 2191 520 2252 3
543 2186 585 2250 ll.
603 2186 769 2252 Valerium
783 2185 1012 2252 admonentem
1033 2186 1122 2267 facit,
1146 2185 1341 2268 Dionysium
1357 2187 1485 2252 Antiati
1576 2177 1577 2222 ³

313 2289 443 2372 debere,
468 2307 663 2372 quamquam
686 2288 831 2372 alioquin
855 2287 917 2352 hac
939 2289 972 2351 in
994 2293 1088 2370 parte
1109 2288 1303 2353 narrationis
1319 2287 1485 2354 Licinium
1576 2287 1577 2296 ’

312 2392 457 2458 ldacrum
480 2398 608 2458 secutus
632 2397 690 2457 est.
736 2389 803 2455 Sed
832 2407 874 2454 ex
896 2389 1063 2454 Plutarchi
1086 2389 1179 2454 Publ.
1206 2393 1245 2455 19
1268 2391 1376 2456 elucet
1399 2392 1484 2458 tales
1576 2439 1577 2444 κ

312 2493 519 2561 condiciones
542 2513 582 2558 ne
605 2493 638 2558 iu
654 2493 793 2558 Antiatis
809 2491 941 2575 quidem
956 2493 1143 2558 narratione
1157 2493 1198 2558 de
1214 2511 1297 2575 pace
1312 2512 1386 2558 eum
1402 2493 1482 2560 Pcr-
1576 2487 1577 2498 ³

312 2614 414 2662 senna
435 2592 523 2660 facta
544 2596 650 2662 locum
675 2595 838 2661 habuisse.
885 2593 992 2672 Quare
1013 2593 1097 2659 nihil
1119 2595 1249 2660 uidetur
1270 2595 1364 2660 aliud
1384 2597 1484 2662 relin·
1576 2603 1577 2678 ἦ

312 2699 384 2782 qui,
407 2697 470 2764 nisi
493 2703 530 2763 ut
552 2698 722 2764 credamus
744 2697 831 2762 iam
860 2697 1260 2779 ipsum'Licinium
1281 2697 1485 2764 Macrum
1576 2739 1577 2752 .

313 2799 869 2866 ValeriiAntiatisannales
892 2798 1098 2865 historiae
1121 2799 1372 2866 scribendae
1396 2801 1484 2866 fon·

313 2909 393 2969 tem
414 2901 680 2984 adhibuisse,
706 2921 748 2966 ex
764 2899 814 2967 his
830 2901 927 2984 igitur
949 2891 1000 2965 hl.²
1021 2900 1185 2966 Valerium
1208 2902 1242 2966 in
1258 2921 1350 2966 suam
1372 2923 1485 2969 narra·

313 3007 434 3072 tionem
449 3005 663 3087 haustulisse,
685 3004 806 3070 Valerii
821 3009 930 3068 autem
946 3001 1124 3068 oraticnem
1140 3009 1197 3068 aut
1219 3003 1325 3086 ipsum
1347 3003 1485 3072 limbus

313 3112 369 3174 aut
391 3106 434 3172 ab
457 3106 589 3171 Antiate
610 3111 778 3190 acceptam
802 3106 849 3170 ita
871 3105 1065 3188 excoluisse,
1088 3111 1125 3172 ut
1146 3123 1221 3170 suas
1244 3105 1347 3188 ipsius
1371 3107 1485 3173 condi·

314 3211 425 3277 aiones
454 3205 546 3291 pacis
574 3208 658 3274 inter
680 3208 843 3274 Romanos
869 3215 902 3274 et
924 3207 1123 3274 Porsennam
1145 3208 1251 3273 factae
1274 3215 1485 3292 supponeret.

314 3311 410 3391 Quod
440 3311 604 3378 sisarum
634 3316 698 3394 est,
730 3310 956 3392 Dionysius
983 3309 1138 3376 bellum
1163 3329 1248 3376 oum
1272 3309 1485 3377 Porsenna

314 3421 474 3498 gestum
496 3413 537 3492 (V
560 3415 709 3496 21—35),
732 3417 801 3476 aut
822 3412 970 3478 saltem
992 3412 1117 3476 finem
1141 3412 1244 3476 belli
1271 3429 1351 3477 non
1372 3413 1485 3479 Lici·

313 3518 421 3583 nium
444 3516 635 3598 llaerum,
666 3515 737 3582 sed
765 3515 892 3580 alium
920 3513 1063 3580 nescio
1093 3533 1209 3597 quem
1232 3515 1485 3598 scriptorem

315 3625 481 3686 secutus
503 3618 704 3684 narravit.

399 3789 507 3872 Atque
535 3795 571 3855 ut
599 3788 661 3855 hoc
685 3807 726 3854 ex
749 3807 788 3853 ea
816 3793 909 3872 parte
934 3787 962 3854 V
984 3788 1075 3872 libri,
1104 3808 1202 3872 quam
1232 3795 1355 3856 certum
1385 3797 1435 3856 cst
1466 3810 1485 3858 e

315 3891 433 3956 Licinii
455 3891 626 3958 annalibus
648 3891 782 3975 petitam
799 3906 880 3973 esse,
903 3906 977 3956 cum
999 3891 1162 3974 prioribus
1178 3892 1338 3976 capitibus
1362 3893 1486 3959 collata

317 4009 522 4021 -——————

403 4062 427 4125 1)
446 4058 486 4113 Oi.
505 4058 563 4114 Lis.
581 4059 610 4112 11
629 4061 699 4125 18,ss
717 4063 745 4113 et
762 4057 836 4112 Fert.
855 4073 882 4126 p.
903 4059 951 4111 tes
970 4062 997 4111 et
1015 4058 1131 4126 append.
1150 4057 1232 4112 huius
1251 4058 1316 4114 diss.
1336 4059 1358 4113 1.

402 4147 428 4209 2)
446 4142 488 4198 Cf.
506 4144 588 4199 etiam
605 4143 711 4199 Virclii
729 4143 795 4198 diss.
813 4160 841 4212 p.
860 4147 902 4196 55.
