3198 4974
253 367 296 424 De
312 366 436 426 iontibns
453 365 577 438 Dionysii
593 366 843 426 Halieumassensia
860 368 1033 438 quaestiones
1050 368 1150 424 rarlae.
1222 367 1283 428 171

119 541 335 624 narrationes,
357 560 439 624 quas
460 539 504 606 ad
526 541 690 624 maiorem,
712 546 748 608 nt
769 542 816 608 ita
837 539 961 626 diuam,
984 541 1192 626 patritiorum
1213 542 1283 626 glo·

118 643 201 712 riam
223 643 279 712 rel
299 641 391 710 fietas
406 642 461 708 vel
483 647 655 709 exornatas
678 661 750 710 esse
772 648 872 726 patet,
895 643 949 710 rel
971 661 1055 728 quae
1077 643 1208 710 omnino
1230 663 1283 714 eo·

118 745 220 814 lorem
236 742 399 829 qnondam
420 743 592 829 patritium
613 744 766 829 produnt,
789 744 915 811 Lioinio
938 743 1057 812 asoribi
1078 764 1284 831 nequaquam

118 847 234 930 liooat;
259 853 371 914 eontra
391 851 520 931 patrum
541 845 667 914 invidia
680 851 779 930 atque
801 846 1024 929 inseotatione,
1045 845 1153 930 plebis
1177 845 1286 916 studio

118 955 217 1033 atque
237 967 364 1032 amore,
392 949 489 1016 rebus
510 948 592 1032 ipsis
616 966 656 1014 eo
678 948 815 1015 oonsilio
836 949 1030 1031 immutatis,
1060 954 1096 1014 nt
1123 949 1286 1018 nobilitati

119 1051 330 1134 obtreotetur,
358 1050 468 1134 plebei
497 1049 648 1118 laudibus
677 1056 872 1134 augeantur,
901 1050 935 1118 in
960 1049 1119 1135 Dionysio
1141 1049 1285 1119 Lirinios

119 1154 213 1238 qnasi
242 1153 346 1237 digito
368 1152 564 1221 ostendatur.
608 1151 706 1218 Hand
728 1152 814 1220 enim
842 1171 964 1239 panoa,
994 1159 1029 1220 ut
1058 1173 1157 1238 snpra
1178 1153 1286 1239 douai,

120 1256 297 1340 Dionysius
320 1253 371 1323 his
393 1255 541 1322 inlibris
563 1273 582 1322 ι
604 1254 723 1322 Liuinii
745 1254 916 1322 annalibus
938 1255 1100 1338 repetivit.

203 1357 312 1441 Atque
334 1358 362 1424 si
384 1357 450 1424 iam
472 1357 506 1424 in
528 1357 623 1423 Dion.
640 1357 675 1424 ll.
690 1356 841 1424 v-vl11
855 1356 1063 1425 reoensendis
1086 1356 1178 1442 haee,
1201 1377 1286 1443 quae

118 1457 216 1526 modo
231 1459 385 1543 indioari,
401 1459 541 1542 vestigia
555 1475 737 1543 sequemur,
759 1480 856 1527 anam
878 1459 1042 1543 quandam
1058 1461 1163 1528 omnis
1184 1466 1285 1528 mata·

117 1561 187 1628 riae
210 1568 335 1646 partem
358 1581 401 1630 ex
422 1560 480 1627 illo
502 1561 593 1627 fonte
613 1557 747 1629 domasa
768 1561 1018 1646 perspiciemusr
1040 1563 1159 1630 librum
1174 1563 1213 1632 V.
1230 1581 1286 1630 ex·

118 1670 247 1732 euntem
269 1664 360 1748 dieo,
388 1664 465 1730 inde
487 1684 508 1730 a
530 1683 601 1747 oap.
618 1667 669 1730 59.
713 1663 813 1731 Diues
835 1663 898 1732 hoo
918 1664 985 1731 iam
1008 1665 1117 1734 multis
1130 1662 1154 1747 ¹)
1177 1666 1287 1749 cogni·

117 1774 187 1834 tum
208 1767 319 1834 foisse.
355 1766 400 1832 At
420 1786 484 1832 non
507 1766 576 1833 sine
598 1766 704 1834 frunto
718 1785 835 1834 oensao
857 1768 1038 1835 stauratius
1061 1766 1146 1834 hano
1160 1774 1286 1851 partem

117 1889 178 1936 nos
200 1869 458 1937 oonsideraturos
488 1886 560 1936 esso
589 1873 622 1934 et
650 1868 743 1936 iustis
770 1867 888 1936 linibus
911 1869 1224 1954 airenmsoriptnros,
1250 1876 1287 1938 nt

121 1977 211 2038 oerta
232 1971 419 2054 inuertaque
442 1970 615 2055 diligenter
637 1969 869 2038 disoernantur.

206 2073 363 2140 Narratur
375 2073 461 2140 enim
477 2071 529 2140 his
541 2073 712 2158 oapitibas,
724 2092 809 2156 qaae
819 2093 871 2140 res
884 2074 1037 2141 Romanis
1048 2095 1134 2142 anno
1147 2075 1285 2157 2561498

119 2182 232 2261 gestae
256 2175 330 2248 sint,
352 2175 435 2242 inter
457 2196 538 2261 quas
559 2176 693 2242 maximi
709 2182 760 2242 est
780 2176 935 2242 momenti
957 2175 1119 2244 dietatara
1140 2177 1287 2244 instituta

119 2277 209 2357 (inde
230 2298 252 2344 a
273 2298 346 2362 oap.
360 2281 422 2354 63).
460 2275 551 2355 Quae
574 2295 640 2360 qna
661 2276 703 2344 de
726 2297 824 2344 nausa
846 2278 980 2344 inventa
1000 2277 1044 2345 sit
1065 2279 1285 2362 explicaturus

119 2381 298 2465 Dionysius
309 2379 408 2446 refert
423 2379 610 2446 imminente
626 2397 699 2446 enm
713 2378 890 2446 foederatis
901 2379 1088 2446 Latinorum
1100 2381 1286 2450 eivitatibos

118 2482 217 2566 bello,
240 2501 313 2549 oum
336 2482 497 2548 exereitus
520 2480 782 2563 oonsoriberetur,
805 2501 917 2548 omnes
939 2483 1007 2548 iere
1029 2501 1207 2568 pauperes,
1231 2503 1287 2551 eos

120 2584 291 2668 imprimis,
313 2584 369 2667 qni
384 2602 441 2650 aes
462 2583 605 2650 alienum
628 2583 756 2650 solvere
778 2603 856 2650 non
877 2590 1061 2667 possent,
1085 2603 1221 2669 eamque
1244 2587 1287 2653 ob

119 2705 189 2754 rem
212 2705 298 2753 nexu
321 2687 468 2770 oppressi
490 2693 598 2753 essent
621 2683 667 2765 (ol
683 2733 692 2750 .
709 2733 717 2749 .
733 2682 882 2762 ,ἐνδεεῖς
903 2687 1059 2768 dionaei
1082 2684 1230 2769 μάλιστα
1253 2686 1287 2754 οἱ

119 2784 163 2852 τὰ
183 2789 265 2871 χρέα
287 2799 360 2864 τοῖς
382 2787 592 2870 συμβαλοῦσι
621 2785 780 2852 διαλῦσαι
803 2778 845 2852 οὗ
869 2785 1126 2873 δυνάμενοι),
1154 2792 1288 2858 nomina

120 2910 186 2957 non
214 2889 360 2974 dedisse,
382 2910 488 2975 neque
515 2891 605 2974 prius
633 2909 669 2958 se
691 2889 823 2957 daturos
847 2891 1001 2974 iactasse,
1031 2911 1129 2976 qoam
1156 2899 1288 2961 senatos

121 2993 269 3060 oonsulto
290 2992 402 3058 debita
424 2993 486 3059 sibi
515 2993 651 3061 remissa
679 2999 805 3076 essent;
835 2993 913 3076 quin
942 2994 1041 3062 etiam
1070 2997 1287 3062 eeaessionem

120 3094 187 3160 iam
207 3094 347 3160 miratos
371 3113 452 3162 esee.
489 3093 529 3160 Id
551 3095 659 3179 ipsum
680 3096 746 3161 iam
767 3113 833 3162 non
847 3095 965 3162 iniuria
979 3097 1170 3182 popularem
1187 3117 1283 3180 quen·

121 3194 198 3261 dam
225 3192 348 3262 fontem
375 3196 519 3279 resipere
548 3197 721 3280 suspioeris
744 3203 931 3282 comparato
953 3197 1020 3264 alio
1046 3197 1187 3281 quodam
1208 3199 1287 3265 Dio·

120 3297 208 3381 nysii
229 3297 301 3364 loeo
317 3295 374 3370 (VI
388 3299 440 3380 22,
459 3299 594 3381 tsq.)²),
617 3317 681 3382 qno
695 3299 806 3383 plebei
823 3319 888 3368 non
910 3300 1069 3367 solvendo
1090 3320 1154 3367 non
1176 3301 1287 3382 fuisse,

121 3397 182 3466 sed
196 3399 324 3466 solvere
340 3418 376 3466 se
390 3419 454 3467 non
469 3419 566 3485 posse
588 3402 812 3469 simulasse
828 3402 987 3468 dieantur.
1024 3401 1091 3468 Sed
1106 3402 1286 3486 audiamus,

121 3519 207 3585 qaae
234 3503 426 3586 sequuntur!
454 3501 592 3570 Senatus
620 3504 729 3570 multis
751 3503 794 3570 de
816 3503 998 3571 debitorum
1021 3505 1192 3588 postulatis
1215 3525 1286 3574 rer·

211 3703 235 3766 1)
252 3701 364 3758 Virolsio
381 3702 528 3774 imprimis,
545 3705 625 3760 solus
642 3703 706 3761 diss.
721 3699 786 3760 ‘Die
804 3704 916 3774 Quellen
934 3704 982 3760 des
999 3703 1094 3760 livius
1111 3703 1168 3760 aad
1186 3703 1288 3775 Diony-

122 3786 180 3842 sius
197 3785 218 3842 i.
237 3786 264 3842 d.
283 3787 380 3843 attente
399 3789 561 3846 daschielste
579 3787 605 3843 d.
623 3793 690 3845 rom.
709 3782 835 3860 Republ'
852 3805 880 3858 p.
894 3792 995 3844 37-41
1014 3803 1117 3858 quaeso
1136 3789 1269 3847 conferas.

209 3874 236 3936 2)
254 3875 313 3928 τῶν
335 3871 388 3942 μὲν
406 3877 567 3948 δημοτικῶν
584 3867 730 3942 ἀδυνάτως
748 3871 823 3948 ἔχειν
841 3873 1095 3946 σκηπτομένων
1113 3873 1156 3940 (de
1177 3875 1287 3930 notione

120 3955 197 4010 verbi
215 3953 395 4028 σκήπτεσθαι
414 3959 449 4013 ni.
468 3959 548 4016 Dion.
562 3967 617 4016 ant.
637 3959 764 4031 1113‚n;
783 3964 881 4027 23,17;
902 3963 983 4025 26,2;
1002 3961 1083 4027 29,13
1102 3961 1185 4026 ³7,3;
1205 3962 1287 4026 39,4;

123 4045 208 4110 7³,33
224 4042 288 4110 V6,
298 4047 328 4110 ²3
347 4044 399 4099 VII
409 4041 587 4113 ὅθιζδιαλύειν
604 4040 640 4104 τὰ
657 4045 730 4118 χρέα
743 4051 770 4101 et
780 4043 853 4100 inira
869 4045 918 4109 (Vl
930 4049 972 4111 ll,
983 4047 1021 4111 2):
1041 4039 1108 4101 οὔτε
1120 4046 1181 4100 τῶν
1196 4063 1287 4117 χρεω-

122 4129 266 4197 φειλετῶν
281 4137 377 4188 ποιεῖν
395 4125 477 4189 οὐδὲν
494 4133 606 4188 δίκαιον
624 4136 672 4197 (sc.
691 4126 902 4198 ἀξιούντων).
