3170 4984
141 369 217 438 Quae
235 369 305 425 ratio
323 369 474 425 intercedat
491 371 562 427 inter
573 371 726 428 Vitruvium
744 375 771 426 et
782 371 953 428 Athenaeum
970 373 1168 429 mechanicum.
1205 374 1267 434 295

202 544 255 627 22,
274 546 312 608 12
336 533 450 608 ὀπίσω
468 544 531 630 τῆς
552 541 757 631 κριοδόχηςῙ)
940 545 941 548 ’
1134 549 1207 631 278,
1226 551 1265 614 13

226 649 311 728 23‚1
338 641 373 710 ἐν
394 648 487 729 μέσῳ
509 647 568 733 τῆς
588 643 733 732 χελώνης
1186 649 1267 715 ibid.

297 749 315 812 8
338 746 395 812 καὶ
416 749 476 834 τῆς
499 745 709 833 κριοόόχηςῖ)
1099 751 1172 834 278,
1190 753 1267 830 21³)

217 851 315 933 ,212
338 845 375 913 τὸ
402 847 437 914 δὲ
461 851 558 932 σῶμα
582 841 765 924 adiuverit)
1157 855 1266 938 279,3

295 942 574 1035 llo'truote‘copdva
598 949 633 1016 ἐκ
659 952 725 1016 τῶν
756 942 898 1016 delendo
931 953 998 1018 τῶν
1028 949 1062 1018 ἐκ
1209 952 1211 958 ’

396 1055 456 1139 τῆς
477 1051 687 1141 κ1111161111)

175 1230 178 1236 ,
226 1159 277 1240 25,
294 1158 313 1220 6
338 1152 404 1236 ἔχει
420 1154 456 1221 δὲ
471 1157 527 1222 καὶ
549 1153 767 1241 παράδειγμα
783 1153 820 1232 ἐξ
834 1153 989 1240 ἑκατέρου
1005 1159 1064 1239 μέ-

399 1279 477 1341 ρους
494 1252 510 1324 o‘
528 1258 629 1342 κριός,
654 1254 769 1324 taeter*
788 1254 829 1323 τὰ
846 1269 920 1334 ταῖς
941 1255 1063 1335 κάσαις

402 1357 629 1446 παραπλήσια

193 1458 348 1538 Quaestio
363 1481 448 1528 nunc
463 1463 617 1545 exoritur,
640 1462 786 1545 quisnam
801 1461 941 1528 Vitruvii
964 1469 996 1530 et
1010 1463 1171 1530 Athenaei
1193 1481 1267 1529 aue·

106 1567 155 1628 tor
169 1562 276 1628 luerit.
308 1561 375 1630 Sed
390 1563 474 1631 hanc
488 1565 677 1648 priusquam
699 1563 870 1631 absolvere
892 1584 1054 1649 conemur,
1077 1564 1119 1631 de
1142 1564 1268 1632 duobus

106 1661 268 1732 Athenaei
279 1664 360 1732 locis
372 1664 602 1748 disputandum
615 1672 672 1749 est,
689 1666 806 1749 quihus
817 1685 914 1750 supra
926 1663 1268 1750 11111111111(1.279)

106 1785 163 1848 per
178 1785 216 1832 se
232 1766 443 1834 consideratis
465 1787 525 1834 nos
548 1768 652 1834 vetari
675 1766 717 1834 de
739 1768 901 1834 communi
918 1768 1056 1834 Vitruvii
1080 1789 1153 1835 eum
1167 1767 1267 1835 Athe-

106 1885 186 1934 naeo
203 1867 294 1935 fonte
309 1869 463 1953 cogitare,
487 1871 541 1953 qui
556 1889 642 1936 nunc
664 1876 781 1953 tamen,
804 1874 975 1954 postquam
998 1868 1042 1935 ad
1065 1888 1267 1937 communem

105 1966 226 2036 fontem
256 1971 330 2038 illos
359 1971 467 2039 redire
496 1971 711 2054 convicimus,
746 1971 882 2038 extremi
913 1971 1035 2054 ingenii
1064 1970 1267 2040 Athenaeum

105 2071 204 2139 luisse
229 2071 354 2139 docent.
1005 2111 1006 2114 ¹

187 2173 289 2257 Apud
309 2173 513 2242 Athenaeum
537 2176 622 2242 enim
644 2195 677 2259 p.
697 2179 732 2239 11
759 2175 827 2240 init.
851 2173 893 2242 de
915 2173 1033 2258 Diade,
1057 2175 1148 2242 cuins
1170 2181 1267 2242 antea

106 2282 294 2343 enumerata
327 2283 401 2343 sunt
434 2279 580 2360 inventa,
615 2276 678 2344 hoc
710 2275 872 2344 indicatur
897 2269 1029 2358 ίἐχρᾶτο
1064 2274 1100 2339 δὲ
1132 2277 1188 2341 καὶ
1216 2277 1266 2360 τῷ

104 2372 281 2463 ὖποτρόχῳ
310 2379 412 2462 κριῷ·
445 2374 568 2463 γράφει
590 2379 669 2461 γοῦν
691 2373 751 2463 τὴν
773 2375 978 2464 κατασκευὴν
1001 2369 1103 2442 αὐτοῦ
1129 2369 1263 2454 οὕτως’

105 2480 343 2565 Exspectamns
371 2481 470 2562 igitur
498 2481 562 2546 iam
592 2480 861 2546 constructionem
896 2480 1053 2546 snbrotati
1088 2481 1198 2546 arietis
1233 2487 1266 2546 11

104 2583 180 2650 setis
212 2583 381 2665 miramur,
411 2582 498 2666 qnod
527 2581 569 2648 de
597 2579 661 2649 hoc
686 2581 817 2664 quidem
840 2580 922 2647 nihil
945 2581 1177 2665 comperimus,
1206 2581 1265 2649 sed

106 2679 212 2752 statim
228 2684 272 2751 ad
288 2691 390 2752 turres
406 2682 637 2751 describendas
652 2682 863 2750 111-11111111.
901 2684 969 2750 Iam
986 2703 1059 2750 cum
1073 2702 1265 2767 persuasum

105 2787 163 2854 tibi
178 2787 221 2854 sit
236 2787 384 2853 lacunam
405 2805 481 2852 casu
504 2786 614 2869 aliquo
638 2783 786 2851 effectam
810 2804 882 2853 1111
905 2787 938 2852 in
959 2784 1120 2851 Athenaei
1142 2786 1264 2871 libello,

106 2890 259 2971 quoniam
271 2887 436 2954 Vitruvius
450 2907 515 2954 non
530 2889 636 2972 ipsum
651 2885 855 2954 Athenaeum
879 2893 1008 2955 secutus
1031 2894 1089 2969 est,
1113 2886 1173 2953 sed
1195 2888 1264 2956 eius

104 2990 243 3074 fontem,
273 2990 449 3054 maximam
476 2988 577 3056 habes
599 2988 752 3056 fiduciam
776 3008 817 3055 ex
840 2987 935 3056 huius
957 2990 1041 3055 libro
1063 2995 1211 3073 repetere
1233 2995 1265 3056 te

117 3129 308 3136 ----..-—--...-

192 3195 218 3257 l)
235 3187 375 3263 κριοδόχη
385 3190 415 3243 in
428 3191 481 3244 ha'c
494 3188 603 3258 quidem
614 3189 741 3244 maehina
757 3189 916 3243 accuratius
928 3203 983 3244 non
996 3187 1160 3244 describitur
1177 3203 1265 3258 neque

106 3275 161 3332 scio
181 3275 317 3344 quomodo
330 3289 389 3329 eam
407 3274 473 3328 mihi
490 3275 604 3342 fingam
623 3289 686 3328 narn
703 3273 754 3328 uiri
773 3273 847 3328 docti
864 3272 994 3330 Ruestou
1013 3279 1040 3328 et
1056 3273 1180 3344 Koechly
1196 3289 1265 3343 quae

105 3363 133 3417 iu
151 3361 230 3429 libro,
250 3362 296 3416 oui
312 3360 408 3414 titulus
427 3351 589 3414 est‘Geseh.
603 3359 629 3414 d.
642 3375 682 3427 gr,
697 3351 840 3426 Kriegsw.'
853 3375 881 3428 p.
893 3361 939 3412 311
954 3360 1005 3427 §5,
1025 3357 1058 3412 de
1076 3374 1108 3412 ea
1126 3359 1265 3428 disputant

103 3445 252 3504 ‘blrweilen
274 3444 339 3501 wird
362 3460 415 3499 nur
437 3443 486 3499 der
505 3444 619 3500 vordero
637 3444 715 3498 Theil
734 3443 781 3500 des
799 3443 900 3498 Rostes
918 3443 967 3497 der
983 3441 1264 3498 Widderschildkrdte

105 3531 153 3586 mit
173 3531 262 3587 ciuem
280 3529 375 3586 Duche
393 3527 532 3595 nesseden,
549 3529 665 3585 welches
684 3529 757 3585 dano
775 3529 827 3584 den
845 3529 950 3584 Numen
968 3524 1125 3600 (κριοδόκη)
1137 3527 1264 3584 Widder-

105 3616 175 3672 dach
193 3608 293 3672 erhalt'
311 3614 445 3670 Athenaei
462 3613 570 3683 quidem
589 3615 770 3684 explicatione
787 3629 842 3670 non
860 3614 1023 3669 traduntur:
1043 3613 1078 3668 11.
1098 3613 1161 3668 Ath.
1177 3613 1262 3684 tilii.

104 3700 174 3758 viar.
192 3705 251 3755 274.
272 3698 379 3757 17-21'.

190 3791 216 3854 2)
235 3787 270 3842 el.
289 3786 352 3841 adn.
373 3791 397 3840 1.

191 3875 217 3939 3)
236 3871 327 3926 Etiam
344 3869 461 3925 Vitruuii
483 3869 571 3925 versio
595 3869 673 3923 ualde
693 3872 737 3923 est
755 3869 874 3923 obscura
890 3867 984 3938 ‘supra
1002 3870 1086 3937 ceput
1104 3883 1197 3923 eorum
1216 3867 1263 3937 qul

107 3957 282 4012 continebant
299 3956 411 4011 arietem
429 3951 486 4021 (ἐπὶ
505 3955 534 4012 δὲ
552 3957 605 4011 τοῦ
622 3945 828 4024 interpollens.

81 4045 83 4049 '
191 4046 217 4109 t)
235 4041 403 4111 glossematis
421 4040 538 4110 speciem
556 4053 623 4110 prae
641 4054 670 4095 se
688 4039 786 4094 imunt

190 4131 215 4193 5)
234 4125 270 4183 11.
288 4125 351 4182 adn.
373 4132 395 4182 l.
