3170 4984
308 386 371 444 240
787 386 853 442 Otto
871 385 1000 442 Boeksoh

392 567 461 632 Iam
477 583 554 632 vero
578 563 751 648 quaeritur,
775 567 882 627 utrum
905 559 939 626 id
962 560 995 624 in
1018 561 1125 644 ipsum
1140 560 1291 646 Dionysii
1306 567 1477 628 auctorem

305 669 416 748 cadat,
441 689 483 734 an
511 668 539 734 is
562 667 628 732 iarn
650 663 789 731 eandem
817 663 885 730 fere
908 662 1127 728 narrationem
1148 662 1346 745 prodiderit,
1374 682 1476 746 quam

305 772 339 837 in
363 771 458 836 Dion.
481 769 510 834 V
532 773 660 836 20-35
683 787 778 851 capp.
802 765 958 849 legimns,
988 765 1057 845 vel,
1088 770 1124 830 ut
1151 763 1240 830 idem
1267 765 1342 831 aliis
1364 766 1477 832 verbis

306 873 429 940 dicam:
452 879 558 938 utrum
583 870 759 954 Dionysius
782 868 811 933 V
834 870 962 933 20-35
986 886 1028 933 ex
1050 887 1115 933 uno
1137 865 1226 932 fonte
1248 865 1408 950 hauserit,
1431 889 1477 933 an

307 998 349 1045 ex
371 977 437 1044 alio
452 976 574 1042 bellum
591 973 776 1038 Porsennae
792 975 876 1053 (cap.
894 972 1044 1052 21—35)‚
1068 989 1111 1035 ex
1125 969 1192 1034 alio
1214 987 1334 1034 annum
1349 969 1477 1036 Valerii

306 1088 339 1148 et
354 1080 497 1147 Lucretii
521 1082 604 1161 (cap.
621 1078 685 1153 20).
722 1073 808 1139 Illud
831 1072 859 1138 si
881 1073 1067 1156 sumpseris,
1090 1071 1183 1136 illum
1198 1076 1363 1137 auctorem
1379 1079 1476 1156 putes

307 1202 441 1252 neeesse
464 1187 514 1248 est
535 1181 614 1247 belli
630 1177 757 1244 Etrusci
776 1175 993 1240 narrationem
1016 1174 1095 1240 satis
1117 1173 1223 1239 fusam
1247 1179 1279 1238 et
1295 1175 1475 1258 expolitam

308 1307 382 1354 oum
405 1285 521 1370 capitis
545 1285 585 1348 20
614 1281 773 1347 relatione
796 1278 875 1344 satis
904 1275 993 1343 tenui
1015 1281 1049 1342 et
1069 1281 1208 1358 angusta
1229 1284 1477 1359 coagmentasse

307 1389 405 1455 nullis
427 1388 496 1454 fere
519 1386 615 1451 rebus
637 1380 774 1448 adiectis
796 1398 858 1445 nec
879 1378 1027 1462 mutatis;
1049 1398 1125 1442 nam
1147 1379 1176 1444 si
1198 1378 1309 1460 multa,
1333 1399 1418 1463 qnae
1441 1383 1476 1446 in

307 1491 511 1575 Dionysiana
539 1485 743 1571 expositione
771 1486 894 1548 novata
923 1499 994 1546 esse
1018 1481 1209 1564 suspiceris,
1239 1479 1336 1549 huius
1359 1483 1474 1566 ipsius,

308 1614 405 1678 quem
427 1591 583 1672 statuisti,
607 1588 750 1671 capitum
774 1585 901 1650 20-35
923 1583 1064 1648 auctoris
1087 1583 1267 1649 inventioni
1290 1591 1389 1667 atque
1412 1588 1475 1652 arti

307 1696 421 1778 dares,
451 1698 674 1776 exspectarem
704 1689 802 1755 etiam
831 1687 864 1752 in
887 1705 959 1768 cap.
983 1689 1023 1752 20
1047 1685 1193 1752 eiusdem
1223 1685 1324 1752 studii
1352 1687 1476 1754 indicia

307 1797 435 1866 ostendi
454 1813 569 1880 posse;
599 1800 634 1859 at
662 1791 756 1856 huius
780 1789 896 1872 eapitis
924 1790 1116 1855 relationem
1138 1786 1182 1854 ad
1204 1789 1364 1871 reliquam
1388 1810 1474 1855 com·

305 1901 501 1986 positionem
516 1915 647 1981 prorsus
659 1914 723 1960 non
734 1890 1013 1959 accommodatam
1026 1909 1098 1958 esse
1109 1891 1260 1957 vidimus.
1285 1891 1405 1957 Verum
1417 1895 1475 1960 vix

307 2001 502 2069 crediderim
530 1999 632 2066 ullum
661 1997 878 2062 Romanorum
912 1993 1078 2058 annalium
1110 1993 1300 2076 scriptorem
1335 2013 1474 2078 eumque

306 2103 494 2188 posterioris
516 2100 634 2167 aetatis
656 2104 722 2164 tam
745 2115 843 2180 parce
858 2101 928 2161 arte
950 2115 1010 2162 sua
1032 2113 1125 2161 urum
1144 2113 1216 2162 esse
1238 2114 1345 2178 neque
1368 2097 1474 2180 magis

306 2208 379 2272 tuso
402 2225 460 2271 suo
483 2204 558 2270 stilo
584 2198 768 2266 indulsisse.
813 2199 915 2264 Multo
945 2198 1044 2282 igitur
1065 2197 1145 2263 mihi
1173 2197 1305 2282 quidem
1330 2200 1401 2264 veri
1426 2205 1475 2265 ert

307 2307 444 2376 similius
467 2305 661 2389 Dionysium
688 2301 796 2386 ipsum
823 2301 915 2366 illum
936 2319 1055 2366 annum
1078 2300 1267 2384 inseruisse,
1297 2309 1333 2366 ut
1360 2301 1474 2382 fastos,

307 2429 388 2494 quos
404 2408 506 2476 semel
521 2404 704 2490 sequendos
720 2404 783 2470 sibi
798 2407 1021 2487 proposuerat,
1045 2403 1192 2486 quamvis
1210 2404 1299 2469 tenui
1314 2404 1474 2470 relatione

284 2513 463 2598 [expleret.
516 2509 644 2574 Etenim
673 2507 738 2573 alio
771 2524 901 2588 quoque
935 2505 1055 2572 indicio
1084 2504 1180 2589 prodi
1209 2504 1356 2588 videtur,
1393 2526 1475 2590 quas

306 2615 340 2679 in
363 2614 529 2696 angustias
553 2611 729 2695 Dionysius
752 2609 893 2690 venerit,
927 2627 1000 2674 cum
1030 2606 1116 2674 hunc
1138 2627 1257 2673 annum
1286 2611 1320 2673 in
1343 2609 1475 2693 amplis,

307 2733 388 2799 qnos
410 2715 601 2798 plerumque
623 2712 828 2796 sequebatur,
852 2711 1023 2777 annalibus
1045 2710 1161 2777 abesse
1185 2711 1409 2794 cognovisset:
1441 2713 1474 2778 in

307 2817 369 2883 hoe
385 2818 470 2883 enim
486 2817 603 2900 capite,
626 2835 691 2899 quo
713 2815 836 2879 nullum
858 2814 989 2879 brevius
1005 2814 1039 2878 in
1054 2819 1122 2879 toto
1138 2813 1298 2896 Dionysio
1313 2815 1474 2894 invenies,

306 2939 347 2986 ne
363 2919 574 3004 praenomina
590 2917 721 3000 quidem
736 2921 874 2996 exsmnt,
896 2914 1016 2981 nedum
1037 2917 1231 2998 cognomine
1246 2915 1376 2982 adiecta
1399 2918 1474 2999 sint,
1574 2963 1575 2992 2

307 3039 391 3104 quae
420 3021 607 3104 ceteroquin
636 3017 700 3086 hae
729 3019 763 3083 in
785 3023 878 3102 parte
900 3017 1128 3101 antiquitatum
1150 3018 1314 3084 rarissime
1344 3018 1472 3086 desunt.
1574 3057 1575 3064 ι

306 3123 448 3189 Aliunde
470 3123 569 3206 igitur
597 3122 752 3205 corripuit
775 3121 967 3203 Dionysius,
997 3140 1081 3203 qnae
1105 3121 1203 3204 capiti
1226 3124 1268 3187 20
1291 3123 1397 3187 obiter
1425 3123 1472 3188 in-

262 3255 267 3268 ·
305 3227 422 3307 seruit,
446 3243 640 3309 quamquam
662 3243 760 3288 unum
783 3232 880 3303 certe,
904 3221 1090 3304 Signurium
1114 3224 1282 3290 castellum
1305 3225 1472 3309 praesidio

306 3335 498 3412 occupatum
520 3328 618 3392 etiam
640 3325 729 3408 apud
752 3332 927 3406 auctorem,
951 3343 1047 3406 quem
1065 3325 1091 3390 V
1107 3327 1235 3392 21-35
1258 3335 1388 3393 secutus
1412 3334 1472 3410 est,

305 3430 375 3494 sine
388 3428 487 3494 dubio
500 3429 625 3494 invenit
634 3429 776 3504 (tametsi
788 3427 831 3493 ad
842 3434 1030 3510 sequentem
1042 3445 1162 3492 annum
1173 3429 1333 3506 relatum).
1346 3429 1472 3495 Tamen

305 3537 338 3595 et
360 3529 422 3595 hoe
445 3541 477 3596 et
499 3549 630 3596 censum
653 3531 834 3595 restitutum
851 3563 892 3574 ·-
908 3548 1004 3612 quem
1026 3530 1175 3595 nimirum
1194 3537 1306 3597 auctor
1328 3533 1472 3614 capitum

305 3633 432 3697 21-35
447 3631 490 3697 ad
505 3653 624 3698 annum
640 3631 777 3710 247l507
794 3634 815 3698 i.
833 3651 860 3697 ι.
876 3632 919 3697 ad
935 3651 1053 3696 annum
1074 3652 1219 3698 nonum
1241 3641 1317 3700 ante
1332 3635 1471 3700 alterum

304 3733 483 3800 dictaturae
500 3754 630 3800 censum
659 3754 791 3800 narrare
812 3755 876 3800 non
891 3741 1019 3819 poterat
1031 3737 1052 3812 ¹)
1068 3769 1111 3780 -
1125 3736 1258 3802 aliunde
1279 3737 1383 3820 petita
1399 3755 1471 3802 esse

304 3836 497 3917 putaverim.
534 3838 583 3902 Ac
606 3838 633 3902 si
657 3857 752 3920 porro
769 3837 964 3920 quaerimus,
988 3839 1137 3921 quisnam
1153 3840 1181 3904 is
1199 3839 1305 3921 luerit,
1329 3839 1469 3922 primum

304 3935 436 4019 quidem
458 3937 500 4004 de
522 3939 648 4004 Licinio
662 3937 772 4004 Macro
788 3939 924 4021 eogitari
946 3946 1033 4006 certe
1056 3961 1120 4007 non
1142 3946 1258 4026 potest.
1296 3941 1382 4007 Nam
1406 3940 1469 4024 hic,

304 4044 452 4122 utsupra
467 4038 573 4125 docui,
595 4041 746 4107 aLarcio
769 4043 874 4125 primo
897 4042 1055 4110 dictatore
1074 4063 1160 4108 anno
1175 4041 1313 4122 256s498
1337 4043 1468 4110 demum
1572 4107 1573 4122 ,

322 4141 508 4152 “Q-—

392 4178 416 4240 1)
436 4173 477 4228 cf.
496 4189 580 4242 supra
598 4191 625 4243 p.
640 4177 699 4230 236.
