3270 4968
334 389 374 450 44
759 391 941 460 Engelbertus
959 390 1065 460 Drerup

418 565 496 633 VIII
519 569 569 630 26.
594 556 676 630 ὥστ’
702 572 777 632 ante
800 559 912 648 ὀλίγον
935 587 960 633 ε.
984 588 1013 633 v.
1037 563 1114 632 add.
1130 566 1188 627 Λοι
1203 585 1284 631 oorr.
1300 569 1329 628 4.
1367 569 1418 629 95.
1437 561 1491 627 ‹te-

333 693 432 752 ναμιν
459 669 653 754 παρέλαβον
676 674 715 732 Λ
743 687 801 751 pn,
832 664 864 731 εἰ
885 687 909 734 s.
934 689 964 734 v.
987 667 1062 734 add·
1086 671 1115 731 4.
1162 669 1232 732 108.
1256 664 1427 752 φυλ..ὴν
1451 673 1492 730 Λ

332 793 390 856 pr.,
414 769 566 855 φυλακὴν
589 792 668 838 oorr.
692 776 721 834 4.

418 875 638 940 Buermannus
661 879 770 939 tamen
793 871 843 939 his
866 892 994 956 quoque
1017 873 1208 939 lectionibus
1229 872 1374 940 codicem
1391 893 1491 956 quen·

331 975 407 1042 dam
441 977 573 1043 subesse
607 976 788 1060 suspioatus
823 981 880 1058 est,
915 994 1011 1058 quem
1044 995 1086 1041 ex
1120 973 1244 1042 duabus
1279 976 1491 1042 varietatibus

332 1079 473 1162 collegit.
519 1077 584 1144 Sed
615 1078 715 1144 verba
742 1077 785 1143 ad
812 1077 845 1142 Il
874 1080 893 1138 ‘l
922 1076 1076 1142 adnotata
1105 1071 1282 1162 ἡγησάμην
1313 1067 1391 1140 δ’ἂν
1421 1098 1490 1144 oor-

331 1182 447 1249 reotori
470 1186 488 1243 4
519 1201 583 1246 non
612 1181 724 1264 utique
756 1179 904 1261 tribuam,
935 1197 1007 1244 oum
1037 1199 1095 1246 suo
1124 1181 1193 1246 iure
1222 1181 1320 1246 etiam
1348 1180 1391 1246 ad
1420 1200 1490 1247 eor·

331 1291 487 1352 reotorem
509 1282 685 1350 seeundum
706 1281 818 1349 referri
840 1280 972 1364 possint.
1017 1281 1123 1366 Atque
1138 1283 1240 1349 verba
1261 1302 1307 1348 or.
1323 1282 1388 1348 XII
1411 1283 1489 1346 1332

330 1387 517 1466 „elil-orror
539 1381 678 1460 τούτους
701 1370 742 1446 αῧ
771 1374 965 1447 τούναντίον
997 1387 1177 1460 κακίστους
1206 1382 1340 1459 ἑαυτοῖς
1370 1382 1489 1449 τεκαὶ

330 1490 488 1567 πολίταις
511 1481 599 1554 εἶναι
622 1485 747 1568 νομίζω
757 1491 780 1572 “,
804 1507 886 1571 quae
903 1487 1123 1554 Buermannus
1146 1487 1258 1554 addita
1280 1507 1351 1554 esse
1370 1494 1489 1570 oenset,

330 1614 388 1679 pro
411 1589 473 1669 τάς
497 1591 533 1657 δὲ
556 1586 683 1654 τούτων
706 1586 825 1666 πόλεις
849 1582 974 1669 ὁμοίως
993 1585 1201 1670 οἰκήσεσθαι
1215 1600 1290 1664 ταῖς
1305 1594 1369 1652 τῶν
1385 1613 1489 1674 προε-

331 1693 466 1762 στώτων
490 1695 670 1779 πονηρίαις
693 1694 726 1759 in
748 1693 891 1775 margine
907 1691 1075 1776 adscripta
1090 1699 1173 1773 sunt,
1197 1693 1287 1760 ouius
1302 1691 1489 1760 mutationis

331 1815 461 1862 oausam
493 1793 588 1863 faoile
621 1797 865 1880 perspiciamus·
911 1793 1024 1862 Oorais
1058 1795 1143 1860 enim
1174 1795 1296 1878 primus
1326 1797 1489 1880 cognovit,

331 1897 432 1963 verba
454 1918 483 1981 q.
506 1919 531 1964 s.
561 1887 660 1976 »ὅσοι
683 1893 862 1981 εἰώθασιν,
893 1893 951 1961 ἐπὶ
981 1894 1043 1972 τάς
1073 1888 1177 1980 άρχὰς
1200 1894 1408 1962 καθιστάναι
1431 1899 1489 1962 καὶ

329 1996 392 2076 τὰς
415 1991 518 2076 άλλας
541 1996 682 2085 πράξεις
705 1997 784 2076 τούς
807 1993 1033 2074 ἱκανωτάτους
1054 1998 1118 2063 τῶν
1141 1999 1312 2066 πολιτῶν“
1335 2007 1367 2068 et
1387 1997 1489 2079 „roric

331 2101 367 2167 δὲ
380 2113 453 2178 τοῖς
465 2099 695 2185 θρασυτάτοις
712 2101 768 2168 καὶ
784 2098 1030 2186 πονηροτάτοις
1045 2097 1103 2166 ἐπὶ
1120 2107 1223 2166 ταῦτα
1237 2099 1429 2186 χρωμένους
1438 2108 1462 2189 “,
1481 2111 1486 2182 Ι

329 2211 397 2272 tum
420 2202 520 2283 ,πούς
542 2203 724 2286 μέλλοντας
747 2199 869 2288 άριστα
892 2203 948 2268 καί
972 2199 1169 2268 δικαιότατα
1191 2205 1256 2270 τῶν
1278 2203 1488 2288 πραγμάτων

330 2303 594 2390 §usurariorum
629 2314 660 2374 et
688 2312 775 2385 „uois
805 2305 866 2387 μὲν
899 2311 939 2392 τῇ
972 2303 1073 2371 πόλει
1107 2305 1348 2392 συμφερόντων
1380 2308 1488 2392 μηδὲν

330 2407 578 2494 φροντίζουσιν,
607 2403 693 2493 ύπὲρ
719 2409 754 2475 δὲ
778 2414 838 2495 τῆς
862 2404 972 2472 αύτών
995 2408 1193 2490 πλεονεξίας
1216 2408 1366 2490 ἑτοίμοις
1391 2395 1487 2477 ούσιν

329 2505 441 2576 ὁτιοῦν
472 2508 648 2595 πάσχειν“,
669 2510 674 2595 Ι
695 2511 834 2595 denique
868 2510 1028 2588 „roo'soog
1062 2510 1123 2592 μὲν
1157 2510 1192 2578 ἓν
1226 2506 1378 2590 άπάσαις
1410 2525 1488 2590 ταῖς

328 2614 517 2690 πολιτείαις
539 2613 649 2690 καλῶς
672 2610 824 2700 οἰκήσειν
848 2613 904 2678 καὶ
928 2611 1015 2698 πρὸς
1046 2620 1137 2699 σφᾶς
1160 2609 1282 2691 αύτούς
1311 2617 1368 2681 καὶ
1398 2612 1488 2700 πρὸς

326 2714 406 2792 τοὺς
430 2711 571 2792 άλλους“
595 2723 627 2783 et
651 2713 730 2800 „rog
754 2715 790 2781 δὲ
815 2712 941 2780 τούτων
972 2715 1092 2794 πόλεις
1122 2710 1248 2796 ὁμοίως
1278 2714 1485 2803 οἰκήσεσθαι

327 2829 401 2894 ταῖς
417 2823 483 2883 τιῦν
500 2817 723 2900 προεστώτων
741 2822 944 2904 πονηρίαις“
960 2821 1041 2887 iuter
1056 2839 1092 2887 se
1108 2839 1178 2886 esse
1195 2821 1363 2902 contraria,
1387 2840 1486 2904 quam

329 2922 461 2988 obrem
484 2921 584 2988 verba
605 2921 772 2996 θέλοντας
794 2941 896 3004 nsque
919 2922 961 2988 ad
985 2915 1073 2986 εἶναι
1096 2920 1231 3006 νομίζω,
1255 2921 1376 2988 oodiois
1397 2923 1487 2987 Vati-

328 3025 401 3090 oani
425 3024 623 3090 oorreotione
646 3031 754 3108 spreta
777 3025 908 3091 delevit.
955 3023 1120 3090 Correotor
1148 3031 1266 3107 autem,
1296 3026 1349 3091 vel
1378 3026 1487 3108 potius

328 3127 538 3211 interpolator
560 3127 626 3210 ille,
656 3127 711 3209 qui
734 3127 834 3193 verba
856 3123 916 3202 τὰς
940 3124 976 3191 δὲ
999 3123 1127 3190 τούτων
1150 3123 1269 3202 πόλεις
1292 3127 1486 3194 sententiam

326 3228 571 3295 antecedentem
602 3225 680 3304 τοὺς
704 3225 741 3293 δὲ
765 3264 806 3274 -
825 3231 1018 3310 χρωμένοις
1046 3229 1197 3314 exoipere
1226 3236 1259 3295 et
1281 3229 1324 3294 ad
1346 3225 1487 3304 τούτους

326 3331 388 3412 μὲν
411 3332 573 3414 respicere
596 3351 659 3398 non
682 3331 887 3412 intellexerit,
918 3331 1133 3397 membrorum
1156 3332 1374 3414 oppositorum
1403 3332 1487 3397 rela-

326 3433 446 3528 tionem
461 3435 632 3517 participio
647 3433 813 3507 θέλοντας
829 3431 940 3499 addito
956 3433 1097 3499 turbavit
1112 3439 1209 3516 atque
1224 3433 1324 3499 verba
1345 3430 1487 3510 τούτους

327 3527 368 3596 αύ
392 3569 433 3580 —-
457 3534 581 3614 νομίζω
604 3535 648 3602 ad
677 3535 832 3602 enuntiati
862 3532 1001 3610 τούτους
1028 3533 1089 3616 μὲν
1119 3572 1161 3583 -
1190 3534 1298 3610 καλῶς
1330 3531 1485 3620 οἰκήσειν

328 3636 570 3702 similitudinem
593 3638 731 3704 formata
753 3658 810 3722 pro
834 3637 994 3703 sententia
1015 3634 1076 3713 τὰς
1102 3637 1138 3702 δὲ
1160 3634 1287 3700 τούτων
1309 3633 1428 3713 πόλεις
1444 3674 1487 3684 -

330 3741 513 3821 ποτηρίοις
537 3741 710 3806 substituit.
749 3737 952 3823 Quapropter
975 3741 1254 3824 interpolationem
1277 3743 1310 3807 in
1331 3741 1396 3807 alio
1419 3741 1486 3806 iam

328 3839 442 3906 eodioe
465 3843 627 3908 exstitisse
649 3850 798 3926 putemus
821 3860 953 3907 neeesse
975 3861 1039 3908 non
1062 3849 1119 3926 est,
1142 3843 1331 3925 praesertim
1348 3861 1419 3908 oum
1442 3843 1486 3908 ad

326 3944 515 4009 eorreotoris
544 3945 650 4026 quarti
679 3943 829 4028 indolem,
860 3944 949 4010 ouius
978 3944 1169 4011 documenta
1197 3946 1230 4008 in
1258 3950 1371 4026 aperto
1400 3951 1484 4028 sunt,

326 4045 446 4126 optime
469 4045 613 4127 quadret.

411 4143 501 4224 Quae
531 4147 676 4212 eum-ita
704 4148 777 4232 sint,
806 4147 908 4214 altera
936 4166 1064 4230 quoque
1093 4148 1287 4214 Buermanni
1317 4149 1483 4216 oonolusio
