3318 4970
328 381 368 440 74
745 380 885 448 Augustus
902 378 1055 434 luncmann

408 551 602 639 Nuperrlme
629 550 763 637 quidem
792 557 1009 634 monumenta,
1037 571 1122 637 quae
1150 550 1195 618 ad
1222 551 1305 618 alias
1334 552 1481 635 legiones

308 658 496 741 pertinent,
518 655 706 738 Brigetioue
721 652 840 720 effossa
855 660 938 737 sunt,
960 673 1078 737 nempe
1093 654 1233 737 tegulae,
1255 673 1320 719 unu
1341 653 1479 737 legionis

326 759 433 826 XXX.
450 757 569 843 Ulpiae
591 755 643 835 (cl.
660 754 820 838 Schilling
841 755 863 821 l.
879 755 901 820 l.
916 775 948 838 p.
965 757 1029 838 38),
1052 753 1137 822 duae
1158 755 1296 838 legionis
1310 756 1368 822 XI.
1385 755 1480 823 (ilau-

328 862 403 928 diae
427 861 495 940 (ΙΙΙ.
518 862 629 945 46888,
658 856 741 940 ΕρΙι.
765 858 869 942 epigr.
891 857 932 923 II.
955 877 986 941 p.
1003 861 1066 925 433
1088 859 1233 940 n.921.),
1262 877 1328 925 una
1355 859 1389 923 in
1417 877 1482 942 qua

327 963 409 1030 illud
424 963 617 1047 insculptum
633 969 696 1028 est:
719 959 1293 1027 VuleL·L1uG·xl11-ET·XV·
1317 961 1369 1041 (cf.
1385 981 1417 1044 p.
1431 964 1480 1026 57.

328 1066 403 1132 adn.
419 1070 472 1140 4.).

413 1165 536 1245 Quibus
560 1166 602 1233 de
624 1165 743 1250 tegulis
766 1165 794 1232 si
817 1164 894 1232 licet
912 1165 1129 1232 coniecturam
1144 1183 1334 1248 proponere,
1355 1163 1401 1230 ad
1424 1163 1481 1230 illa

328 1277 474 1353 tempora
502 1288 557 1336 eas
586 1269 733 1351 referam,
763 1267 880 1350 quibus
902 1267 1061 1332 Traianus
1090 1265 1337 1350 diligentissime
1359 1265 1478 1332 bellum

329 1378 440 1439 contra
470 1371 577 1438 Dacos
605 1375 848 1454 comparaturus
877 1369 1023 1452 legiones
1053 1369 1200 1454 Illyricas
1233 1369 1280 1434 ita
1308 1369 1482 1435 collocavit

329 1492 504 1556 eorumque
532 1471 670 1538 hiberna
697 1471 741 1537 ad
763 1472 869 1555 ipsum
892 1469 1010 1537 flumen
1034 1471 1218 1537 Danuvium
1242 1471 1289 1536 ita
1309 1470 1481 1554 promovit,

327 1581 363 1640 ut
394 1576 541 1658 legiones
574 1574 777 1640 Pannonicas
809 1572 965 1640 adversus
994 1573 1119 1640 Suebos
1151 1574 1207 1639 vel
1238 1573 1482 1640 Marcomannos

327 1676 461 1756 Quados
497 1677 650 1761 Iazyges,
687 1675 870 1743 Moesiacae
907 1675 1065 1742 adversus
1102 1675 1209 1741 Dacos
1247 1681 1280 1742 et
1316 1672 1481 1740 Sarmatas

327 1781 523 1863 disponeret.
579 1777 796 1856 Quamobrem
833 1778 1007 1861 imperator
1042 1796 1107 1843 non
1143 1775 1241 1843 modo
1277 1777 1480 1860 provinciam

327 1882 527 1947 Pannoniam
561 1881 594 1945 in
627 1879 825 1963 superiorem
854 1884 887 1946 et
915 1879 1100 1946 inferiorem
1129 1878 1256 1958 divisit,
1290 1877 1349 1945 sed
1383 1878 1481 1944 etiam

326 1983 485 2051 exercitui
518 1981 693 2065 superioris
727 1981 916 2064 provinciae
950 2001 1073 2048 novum
1109 1981 1306 2065 praetorium
1342 1978 1481 2062 addidit,

328 2104 444 2168 nempe
468 2083 721 2167 Brigetionense.

278 2247 281 2254 .
413 2187 505 2267 Quae
520 2193 588 2252 tum
603 2184 756 2252 Carnunti
772 2191 805 2251 et
816 2185 1028 2253 Vindobonae
1046 2191 1153 2253 castra
1164 2183 1326 2252 habebant
1337 2185 1483 2269 legiones

327 2296 420 2358 erant
447 2289 537 2354 XIII.
562 2286 701 2353 Gemina
730 2293 763 2354 et
784 2288 855 2354 XV.
879 2288 1093 2372 Apollinaris;
1121 2294 1291 2372 praeterea
1320 2289 1482 2371 legionem

328 2394 416 2460 XIV.
440 2391 611 2458 GemInam
636 2408 723 2456 anno
755 2392 805 2454 89.
829 2390 862 2454 in
884 2390 1084 2456 Pannoniam
1113 2390 1242 2458 venisse
1271 2409 1369 2474 supra
1399 2409 1482 2456 corn·

328 2495 556 2582 probavimus,
589 2492 649 2560 sed
681 2492 854 2572 incertum,
892 2493 948 2558 ubi
981 2491 1162 2560 tetenderit.
1219 2493 1270 2558 lix
1303 2491 1353 2559 his
1386 2493 1485 2575 igitur

328 2598 527 2682 legionibus,
557 2595 733 2680 praecipue
762 2613 804 2659 ex
831 2593 938 2660 XIIII.
962 2593 1100 2661 Gemina
1129 2601 1161 2661 et
1188 2593 1261 2660 XV.
1284 2594 1484 2678 Apollinare,

329 2699 558 2768 vexillatioues
581 2696 799 2779 Brigetionem
824 2697 942 2762 missae
968 2702 1052 2780 sunt,
1082 2697 1138 2779 qui
1160 2697 1207 2762 ibi
1228 2696 1379 2763 aedilicius
1400 2696 1484 2761 mili·

331 2803 424 2888 taria,
452 2801 590 2866 fortasse
611 2799 685 2883 ipsa
706 2802 884 2863 castrorum
906 2798 1103 2864 munimenta
1125 2805 1336 2866 exstruemnt.
1381 2799 1484 2882 Legio

331 2923 409 2972 vero
430 2902 539 2968 XXX.
563 2901 672 2985 Ulpia,
701 2919 797 2983 quam
819 2905 895 2966 ante
917 2901 991 2983 ipsa
1017 2901 1105 2967 bella
1127 2901 1251 2968 Dacica
1279 2902 1484 2968 constitutam

328 3004 530 3090 aliquamdiu
558 3004 592 3069 iu
620 3003 803 3084 Pannonia,
837 3003 1024 3085 priusquam
1055 3004 1088 3068 in
1117 3001 1292 3069 Germania
1326 3004 1486 3070 collocata

327 3117 388 3192 est,
417 3106 594 3175 tetendisse
617 3112 752 3188 constat,
781 3105 919 3171 fortasse
940 3123 1000 3188 per
1021 3105 1056 3170 id
1079 3106 1219 3190 spatium
1241 3112 1375 3191 propter
1397 3106 1486 3172 bella

331 3211 456 3279 Dacica
478 3210 524 3275 ibi
546 3209 666 3276 stativa
687 3208 784 3291 cepit.
828 3206 935 3272 Etiam
965 3212 1040 3273 ante
1062 3207 1169 3273 XXX.
1194 3207 1324 3292 Ulpium
1349 3208 1486 3274 fortasse

330 3314 418 3396 legio
440 3312 498 3377 XI.
522 3309 669 3394 Claudia,
701 3328 784 3393 quae
806 3315 922 3392 postea
943 3309 1003 3374 sub
1025 3310 1135 3394 legato
1158 3309 1301 3376 Moesiae
1324 3310 1485 3376 intentoris

330 3415 501 3495 militabat,
514 3413 699 3497 Brigetione
711 3417 836 3476 morata
847 3419 905 3476 est.
937 3409 1081 3494 Legione
1092 3417 1201 3478 autem
1212 3413 1283 3477 XV.
1296 3413 1485 3496 Apollinare

327 3516 374 3582 ad
402 3517 524 3584 bellum
551 3513 737 3580 Parthicum
766 3512 907 3580 abducta
936 3518 969 3578 et
996 3513 1086 3578 ΧΙΙΙ.
1116 3512 1254 3580 Gemina
1286 3517 1320 3580 in
1347 3515 1484 3581 Daciam

331 3617 487 3684 translata
514 3617 558 3682 ad
586 3616 683 3700 duas,
713 3634 796 3699 quae
823 3621 891 3681 tum
915 3614 1127 3682 Vindobonae
1157 3623 1189 3682 et
1212 3615 1366 3683 Carnunti
1394 3623 1486 3683 erant

330 3719 494 3801 leglenes,
523 3737 640 3802 nempe
669 3717 711 3782 X.
735 3725 767 3783 et
788 3717 894 3784 XIIII.
918 3717 1088 3802 Geminas,
1117 3719 1213 3786 tertia
1240 3720 1393 3786 adiuncta
1422 3726 1484 3786 est:

422 3974 446 4035 1)
463 3967 534 4023 Mihi
552 3968 659 4038 quidem
678 3969 821 4036 Traianus,
839 3973 984 4040 antequam
1001 3970 1029 4024 in
1047 3970 1142 4026 Asiam
1159 3970 1194 4025 ad
1212 3971 1312 4026 bellum
1329 3970 1488 4026 Parthicum

335 4055 452 4121 transiit,
470 4055 590 4124 legiones
602 4053 781 4123 Pannonicus,
800 4070 915 4124 quarum
931 4071 1013 4110 unam
1032 4056 1102 4122 (XV.
1115 4056 1310 4126 Apollinarem)
1327 4071 1420 4111 secum
1438 4057 1488 4110 ab·

333 4141 419 4208 duxit,
442 4141 530 4197 denuo
553 4139 703 4195 collocasse
721 4140 839 4195 videtur:
863 4147 921 4194 tum
943 4141 1075 4208 legionem
1092 4141 1127 4197 X.
1147 4141 1287 4197 Gemluam
1305 4156 1321 4197 e
1339 4141 1488 4197 Germania
