3282 4968
296 323 315 382 8
721 323 903 393 Engelbertus
922 322 1028 394 Drerop

384 502 412 563 1.
436 498 614 565 orationum
637 496 727 580 ordo,
751 516 814 580 quo
837 495 941 564 codex
962 499 995 561 Δ
1014 517 1035 564 a
1056 496 1168 565 codice
1191 500 1222 560 Γ
1241 497 1354 580 disat,

383 601 412 666 2.
436 599 538 667 oratio
561 598 624 676 ,de
645 597 752 682 bigis“
774 598 909 682 omissa,

384 703 413 766 3.
436 701 591 768 lectiones
620 699 799 784 quaedam,
828 701 943 784 quihus
970 701 1074 768 codex
1097 701 1271 770 Vaticanus
1293 702 1335 769 ah
1359 701 1453 770 Urbi-

295 809 371 870 nato
394 802 562 870 discedere
584 808 617 870 et
638 801 798 869 interdum
821 803 908 870 solus
928 822 1041 870 ‘veram
1063 797 1214 872 Isocratis
1236 824 1365 871 manum
1388 823 1452 871 ser-

297 925 376 973 vare
404 904 583 972 videbatur.
634 905 785 972 Attamen
815 902 946 972 difficile
976 925 1040 973 non
1071 912 1120 973 est
1149 906 1355 990 intellegere,
1389 925 1453 989 quo

295 1007 391 1075 modo
415 1006 497 1074 haec
518 1005 701 1074 differentia
722 1012 794 1074 orta
815 1007 865 1073 sit.

381 1110 507 1177 Etenim
535 1107 656 1178 ordinis
684 1109 863 1176 orationum
893 1109 1057 1180 dissensus
1085 1130 1149 1178 non
1177 1111 1224 1178 ita
1252 1111 1361 1194 gravis
1392 1117 1453 1195 est,

296 1218 331 1279 ut
353 1213 509 1295 explicari
531 1232 595 1279 non
618 1213 729 1297 possit,
753 1232 825 1279 cum
848 1211 994 1279 ordinem
1017 1213 1065 1280 sic
1085 1211 1255 1281 videamus
1279 1217 1450 1278 mutatum:

295 1315 447 1398 Euagora
474 1320 506 1381 et
535 1312 684 1381 Busiride
713 1314 796 1382 inter
824 1334 860 1381 ae
888 1316 1091 1383 commutatis
1120 1316 1223 1382 oratio
1254 1314 1318 1392 ,de
1348 1319 1452 1398 pace“

295 1418 401 1484 locum
425 1415 596 1500 occupavit
610 1422 685 1482 ante
699 1414 940 1494 Archidamum,
963 1417 1237 1502 Areopagiticnm,
1261 1419 1452 1503 Plataicum,

295 1520 350 1604 qui
366 1517 562 1603 Philippum,
577 1515 862 1602 Panathenaicom,
878 1518 1114 1602 Panegyricum
1128 1519 1335 1603 praecedunt.
1365 1520 1453 1586 Inter

293 1621 518 1706 Aegineticum
554 1625 586 1686 et
614 1620 791 1686 orationem
826 1621 880 1696 ,in
908 1619 1085 1689 Lochiten¹‘
1118 1621 1257 1703 primum
1290 1623 1453 1689 orationes

297 1722 358 1806 ,de
380 1722 634 1807 permutatione“
658 1727 690 1788 et
720 1721 781 1804 ,de
803 1723 909 1805 bigis“
939 1723 1078 1790 omissae
1104 1730 1186 1806 sunt,
1209 1743 1344 1808 quarum
1367 1725 1452 1808 prio·

294 1845 362 1892 rem
386 1824 516 1908 quidem
538 1824 688 1892 librarius
710 1825 744 1890 in
767 1823 829 1891 fine
855 1825 930 1892 libri
952 1824 1095 1910 addidit;
1123 1832 1191 1893 tum
1213 1827 1358 1910 reliquae
1381 1846 1451 1892 ora*

294 1925 413 1994 dones:
443 1927 659 2011 Aeginetions,
690 1927 922 2011 Trapeaiticus,
945 1928 979 1993 in
994 1926 1150 1996 Lochiten
1173 1929 1256 1996 inter
1273 1929 1451 1996 orationem

294 2029 337 2096 de
359 2048 440 2113 pace
463 2035 496 2095 et
516 2027 748 2096 Archidamum
777 2028 916 2096 insertae
945 2035 1027 2096 sunt.
1072 2028 1138 2096 Sed
1166 2029 1200 2096 id
1223 2035 1309 2098 certe
1338 2030 1452 2114 negari

294 2132 423 2215 nequit,
451 2149 579 2214 semper
601 2129 724 2197 triados
753 2130 910 2214 quasdam
941 2132 1120 2198 orationum
1142 2134 1282 2216 priorem
1305 2133 1451 2200 ordinem

292 2253 456 2316 servasse,
480 2234 576 2300 sicut:
597 2231 641 2298 ad
664 2233 887 2316 Demonicnm‚
909 2233 952 2299 ad
975 2233 1158 2317 Nicoclem,
1184 2234 1367 2320 Nicoclem,
1390 2235 1451 2300 Ar-

293 2334 494 2416 chidamum,
524 2335 803 2418 Areopagiticum,
833 2334 1028 2418 Plataioum;
1058 2333 1262 2421 Philippum,
1291 2336 1451 2404 Panathe-

292 2439 430 2522 naicum,
454 2437 701 2520 Panegyricum.
739 2433 885 2515 Quocum
900 2438 929 2504 si
942 2437 1091 2504 conferas
1110 2455 1158 2521 ea,
1182 2457 1265 2521 quae
1281 2438 1323 2504 de
1338 2439 1452 2508 codice

296 2542 383 2606 (det
404 2539 513 2606 Photii
535 2539 618 2605 libro
648 2539 731 2606 inter
754 2558 789 2604 se
818 2540 995 2606 coniunctis
1023 2540 1056 2604 in
1085 2540 1187 2606 altera
1215 2539 1452 2610 dissertationis

292 2648 384 2727 parte
425 2641 577 2726 exposui,
621 2640 717 2708 facile
753 2639 833 2706 mihi
870 2641 1029 2708 concedes
1066 2641 1286 2710 diversitatem
1326 2644 1451 2710 librarii

291 2742 458 2811 cuiusdam
479 2741 615 2810 libidine
638 2743 793 2810 exsistere
815 2743 968 2828 potuisse.

377 2843 523 2924 Quacum
553 2846 732 2912 orationum
761 2844 883 2911 ordinis
911 2846 1153 2930 perturbatione
1175 2846 1304 2914 videtur
1326 2867 1452 2915 conexa

292 2966 363 3015 esso
386 2947 488 3014 oratio
510 2945 574 3024 ,de
596 2947 702 3031 bigis¹‘
726 2948 854 3015 omissa.
900 2946 1063 3015 Orationis
1095 2947 1179 3014 enim
1202 2948 1265 3026 ,de
1288 2957 1449 3032 permuta·

290 3048 397 3116 tione“
421 3047 518 3116 finem
541 3047 617 3116 inde
639 3070 661 3114 a
682 3049 790 3116 uerbis
814 3053 833 3127 t
857 3051 918 3115 320
949 3047 1123 3114 καταλύσω
1150 3047 1330 3134 τὸνλόγον
1352 3059 1447 3134 atque

290 3153 444 3220 orationis
473 3150 536 3228 ,de
565 3151 670 3234 bigis“
697 3152 824 3218 initium
853 3151 1020 3235 usquead
1041 3153 1143 3219 verba
1165 3152 1184 3234 ξ
1208 3155 1227 3218 3
1249 3150 1311 3230 τὰς
1334 3150 1446 3228 κοινὰς

290 3251 402 3330 αἰτίας
424 3273 488 3321 nno
510 3252 679 3338 archetypi
701 3253 780 3321 folio
810 3254 960 3321 interciso
983 3255 1024 3321 ab
1047 3254 1213 3322 Urbinatis
1239 3255 1369 3322 librario
1390 3272 1447 3320 no·

289 3357 396 3439 gleota
420 3375 490 3424 esse
513 3357 592 3423 satis
615 3362 725 3423 notum
748 3363 806 3424 est.
851 3357 957 3441 Atque
980 3356 1043 3425 fine
1059 3358 1213 3424 orationis
1236 3358 1300 3434 ,de
1322 3377 1449 3442 permu-

290 3459 432 3526 tatione“
455 3459 488 3524 in
514 3457 627 3526 codice
650 3457 807 3526 Urbinato
829 3478 850 3525 a
872 3465 1051 3526 correctore
1081 3466 1194 3542 quarto
1224 3480 1266 3527 ex
1295 3461 1450 3544 vulgatae

289 3559 430 3644 quodam
454 3561 631 3644 exemplari
654 3561 688 3626 in
711 3561 856 3643 margine
878 3559 1052 3644 adscripto,
1080 3561 1234 3628 orationis
1257 3561 1321 3638 ,de
1343 3562 1450 3645 higis“

287 3662 449 3747 principio
472 3661 653 3747 supplendo
683 3665 772 3730 loons
795 3682 858 3730 non
882 3668 931 3730 est
952 3663 1093 3730 relictus.
1138 3661 1228 3742 Quae
1252 3683 1324 3731 cum
1345 3665 1393 3730 ita
1414 3683 1451 3731 se

289 3763 438 3841 habeant,
463 3765 572 3830 mirari
595 3785 658 3831 non
681 3765 767 3848 licet,
793 3764 881 3848 ‘quod
904 3763 1025 3832 codicis
1049 3763 1197 3832 Vaticani
1220 3765 1370 3832 librarius
1393 3785 1450 3831 ex·

288 3873 424 3933 tremam
446 3873 571 3949 partem
593 3867 747 3934 orationis
770 3867 834 3944 ,de
848 3866 1104 3950 permutatione“
1121 3868 1237 3942 omisit,
1261 3887 1358 3950 quam
1380 3886 1450 3934 cor-

288 3975 394 4036 rector
409 3967 568 4035 secundus
583 3975 698 4052 postea
710 3969 885 4049 subiunxit,
902 3968 1091 4051 praesertim
1103 3987 1175 4036 cum
1187 3969 1337 4036 librarius
1349 3969 1452 4036 verba

289 4093 310 4138 a
340 4075 519 4138 correctore
549 4077 663 4154 quarto
693 4072 725 4136 in
756 4069 868 4138 codice
890 4069 1045 4137 Urbinate
1074 4076 1197 4137 mnmta
1225 4072 1257 4137 in
1287 4071 1451 4155 prioribus
