3170 4984
314 373 380 433 228
798 376 862 432 Otto
881 377 1007 434 Bochsch

319 549 434 614 Antias
446 547 636 615 Publicolae
647 550 836 616 strenuitate
848 552 959 634 copias
971 551 1178 618 Etruscorum
1190 569 1299 634 pugna
1309 550 1354 616 ad
1365 549 1488 618 fiumen

316 651 491 717 commissa
519 651 687 717 retinentis
709 652 830 718 sactum
855 671 927 720 esse
950 655 1114 736 expressis
1137 653 1246 718 verbis
1272 651 1418 736 dixerat,
1451 660 1489 719 ut

317 752 484 819 Porsenna
495 751 640 818 Ianiculo
656 759 752 836 capto
764 755 784 830 ¹)
806 773 870 820 non
886 755 1037 821 continuo
1053 754 1166 820 urbem
1181 753 1360 820 invaderet.
1388 753 1487 833 Quod
1572 771 1573 776 ’

317 873 375 920 cur
393 855 432 928 (V
450 855 500 934 22,
519 855 537 917 3
554 854 634 930 lere)
650 853 803 937 Dionysii
818 863 930 922 anotor
944 875 1009 929 non
1024 855 1210 923 redditurus
1224 855 1332 940 fuerit,
1351 857 1379 922 si
1395 856 1487 941 apud

317 956 482 1022 Antiatem
504 955 647 1039 legisset,
671 976 802 1024 oausam
825 958 943 1024 frustra
964 976 1096 1042 quaero.
1142 957 1186 1024 Ut
1214 957 1357 1040 denique
1385 957 1487 1023 linem

317 1056 435 1124 faciam
459 1056 501 1123 de
524 1056 587 1124 hae
601 1077 646 1140 re,
670 1059 888 1142 praetermisit
903 1061 980 1126 item
996 1065 1108 1125 auctor
1123 1059 1285 1145 Dionysii,
1307 1077 1393 1143 quae
1408 1059 1486 1126 Plu·

317 1157 447 1227 tarchus
470 1165 508 1235 (c.
527 1163 567 1226 19
590 1154 757 1246 [210,1o])
784 1161 827 1228 de
855 1181 945 1228 more
965 1155 1066 1229 ‘bona
1087 1162 1273 1230 Porsennae
1301 1151 1484 1227 vendendi'

317 1269 351 1329 et
373 1262 415 1328 de
437 1262 548 1346 lignea
569 1261 756 1329 Porsennae
778 1269 885 1330 statua
906 1269 1024 1330 narret.

403 1361 527 1446 Quare,
556 1369 592 1428 ut
620 1362 714 1432 huius
745 1358 792 1430 de¹
818 1366 904 1432 bello
930 1365 1065 1432 Etrusco
1094 1365 1293 1447 quaestionis
1323 1385 1486 1432 summam

315 1466 485 1547 faciamus,
508 1471 629 1530 certam
652 1485 765 1532 ansam
787 1466 830 1533 ad
854 1485 922 1532 rem
939 1466 1182 1534 diiudicandum
1205 1486 1265 1532 nos
1287 1486 1352 1532 uon
1367 1485 1487 1550 reppe-

317 1568 398 1634 risse
415 1566 631 1633 confitendum
648 1574 706 1633 est.
745 1568 783 1634 ld
805 1574 915 1635 autem
937 1588 997 1652 pro
1013 1575 1101 1634 certo
1116 1567 1288 1635 adfirmare
1311 1587 1487 1651 possumus

316 1669 469 1752 Dionysii
496 1671 714 1736 narrationem
738 1689 780 1734 ex
807 1669 865 1734 tali
893 1670 962 1736 fere
992 1668 1166 1736 deductam
1191 1676 1224 1736 et
1252 1669 1487 1753 amplificatam

318 1791 399 1855 esse,
422 1771 529 1854 qualis
550 1771 639 1854 apud
662 1770 871 1838 Plutarchum
894 1777 1010 1838 exstat.
1055 1770 1170 1855 Itaque
1198 1771 1226 1837 si
1250 1771 1383 1838 Virckio
1406 1773 1486 1839 asti-

318 1875 420 1957 pnlati
436 1909 477 1918 -
500 1873 534 1939 id
558 1873 645 1956 quod
667 1874 780 1957 paucis
803 1874 933 1940 indiciis
956 1893 1020 1940 non
1042 1879 1115 1939 tam¹
1128 1873 1259 1957 probari
1282 1893 1381 1956 quam
1397 1894 1486 1941 corn-
1572 1951 1573 1954 Ἴ

317 1975 464 2042 mendari
487 1975 680 2040 videtur-
708 1981 872 2042 auctorem
894 1975 1045 2060 Dionysii
1074 1977 1163 2058 ipsos
1184 1976 1325 2042 Antiatis
1347 1978 1487 2044 annales
1572 1983 1573 1986 ’

318 2074 509 2144 exhausisse
531 2075 733 2158 negabimus,
757 2077 790 2143 id
814 2078 929 2144 saltem
952 2079 1013 2144 erit
1034 2079 1247 2160 premendum
1270 2076 1358 2142 haud
1381 2079 1488 2144 multa

317 2179 360 2245 ab
383 2179 513 2244 Antiate
536 2178 598 2244 hac
620 2179 654 2243 in
675 2184 768 2261 parte
791 2198 862 2246 esse
884 2185 1013 2246 novata.

404 2383 559 2466 Reliquas
582 2389 707 2467 partes,
737 2382 779 2447 de
809 2383 924 2466 quibus
948 2403 990 2448 ex
1017 2384 1154 2450 oonsilio
1175 2395 1285 2450 nostro
1308 2382 1487 2450 dicendum

323 2491 381 2564 est,
404 2485 547 2550 breviter
569 2490 692 2550 tanturn
715 2485 813 2550 liceat
835 2485 1062 2568 perstringere.

404 2587 452 2652 Ac
481 2605 564 2669 quae
594 2587 821 2669 Dionysius
845 2587 872 2649 V
896 2589 936 2652 36
960 2606 1043 2670 cap.
1075 2586 1189 2669 tradit,
1220 2607 1260 2652 ea
1289 2587 1487 2655 Plutarchus

319 2689 448 2754 omnino
472 2689 590 2760 omisit.
608 2686 823 2753 —Proxima
843 2694 945 2771 parte,
968 2707 1034 2770 qua
1055 2688 1281 2772 Dionysius
1305 2688 1334 2753 V
1353 2691 1486 2756 37-39

318 2790 521 2873 deprimo
545 2789 658 2855 bello
681 2789 834 2855 Sabino
857 2791 944 2865 (anni
968 2789 1119 2869 249l505)
1141 2797 1259 2872 narrat,
1283 2809 1354 2856 enm
1380 2791 1487 2858 Plut

314 2891 433 2957 Publ.
457 2911 541 2975 cap.
565 2895 606 2957 20
629 2891 802 2975 diligenter
818 2899 1014 2975 comparata,
1038 2911 1234 2978 quamquam
1257 2893 1291 2956 in
1310 2894 1413 2959 multo
1429 2913 1488 2958 au·

409 3047 430 3108 1)
448 3042 491 3096 De
501 3041 624 3096 laniculo
642 3047 777 3108 occupato
796 3055 863 3094 saue
875 3040 1042 3095 Plutarchus
1058 3041 1119 3110 ipse
1131 3041 1240 3095 omnino
1252 3055 1287 3096 ne
1298 3042 1413 3095 verbum
1426 3044 1488 3111 qni·

317 3127 380 3182 dem
398 3125 473 3180 facit.
509 3125 561 3180 Sed
583 3124 663 3180 facile
685 3124 819 3194 perspicis
843 3125 979 3181 hocloco
1002 3141 1065 3180 eum
1086 3125 1213 3192 annales,
1237 3139 1305 3194 quos
1329 3128 1489 3196 exscripsit,

321 3211 473 3275 mutilante,
495 3210 524 3264 id
542 3210 615 3278 quod
632 3211 691 3279 ipse
709 3225 818 3278 quoque
835 3210 924 3265 verbis
947 3211 1000 3266 illis
1026 3204 1060 3267 οὗ
1077 3207 1135 3282 μὴν
1152 3203 1242 3276 ἄλλά,
1267 3213 1333 3265 aute
1350 3227 1422 3280 quae
1441 3228 1487 3267 res
1572 3257 1573 3266 ,

318 3296 453 3366 quaedam
471 3295 595 3349 videntur
612 3294 795 3360 intercidisse,
817 3311 873 3349 nun
895 3302 951 3348 tam
970 3294 1123 3350 dissimulat
1140 3310 1221 3364 quam
1245 3295 1346 3350 invitus
1368 3296 1487 3352 indicat
1572 3313 1573 3356 ὲ

320 3381 472 3448 Sigliuriam
490 3380 563 3434 enim
580 3379 715 3434 coloniam
732 3395 750 3433 a
768 3380 909 3434 Porsenna
932 3385 991 3434 tum
1014 3379 1144 3448 temporis
1163 3386 1272 3448 captam
1290 3395 1350 3435 esse
1370 3411 1401 3420 —
1419 3397 1488 3436 uam
1572 3379 1573 3450 ζ

315 3467 355 3520 ad
366 3467 437 3520 hanc
449 3465 541 3533 uerba,
553 3479 622 3533 qnae
634 3464 697 3518 iude
709 3480 726 3518 a
737 3481 777 3519 vv.
788 3468 847 3530 206,
860 3469 890 3518 12
901 3466 934 3520 de
948 3466 1063 3521 castello
1074 3468 1210 3534 occupato
1222 3465 1358 3546 leguntur,
1370 3481 1487 3522 revoces
1572 3467 1573 3500 l

320 3565 434 3606 necesse
452 3557 494 3604 est
512 3581 543 3588 -
563 3551 621 3604 sine
638 3549 721 3604 dnbio
740 3551 815 3619 apud
826 3551 965 3604 Antiatem
982 3554 1139 3604 enarratum
1156 3566 1212 3604 non
1229 3550 1341 3605 invenit.
1370 3550 1488 3606 Etenim
1572 3575 1573 3628 ι

319 3634 478 3703 accepimus
496 3649 529 3688 ex
547 3634 626 3688 Dion.
646 3634 670 3691 V
689 3639 722 3688 20
740 3635 896 3702 Signnrium
915 3635 1070 3698 castellum,
1097 3635 1171 3704 quod
1193 3635 1265 3689 idem
1287 3649 1348 3690 esse
1364 3649 1399 3689 ac
1417 3635 1486 3690 Plu-

318 3720 410 3775 turchi
422 3719 574 3787 Sigliuriam
592 3723 849 3785 (ΣΙΡΝΟΥΡΙΟΝ
863 3745 897 3764 =
916 3722 1160 3782 ZIFAIOYPIAl
1178 3734 1256 3774 nemo
1275 3735 1330 3774 non
1347 3720 1431 3783 uidet,
1452 3737 1488 3775 ex
1572 3791 1573 3810 ἦ

322 3806 411 3860 ultera
422 3810 500 3873 parte
512 3803 616 3859 Romae
631 3805 669 3874 ad
682 3805 843 3860 Latinorum
856 3812 884 3858 et
895 3805 1077 3859 Hernicorum
1088 3804 1157 3858 fines
1170 3804 1252 3859 situm
1264 3803 1357 3858 luisse
1383 3803 1488 3858 Nullus
1572 3819 1573 3848 ι

320 3904 384 3946 vero
406 3889 525 3957 scriptor
548 3887 687 3943 Romanus
709 3891 748 3943 ab·
767 3890 820 3944 hac
842 3892 952 3958 regione
976 3890 1144 3944 Porsennam
1167 3889 1370 3957 adgredientem
1392 3889 1488 3944 lacero

322 3978 438 4044 poterat.
474 3974 538 4027 Mea
562 3972 669 4042 quidem
688 3975 822 4028 sententia
840 3990 873 4029 ex
895 3975 949 4029 hoc
967 3988 1061 4028 errore
1079 3979 1195 4042 apparet
1213 3973 1362 4028 Plutarcho
1383 3974 1488 4027 librum
1572 3975 1573 3996 ¹

247 4060 250 4068 '
321 4077 403 4116 suum
422 4059 597 4128 componenti
608 4058 683 4126 ipsos
695 4058 814 4114 Antiatis
826 4059 939 4114 annales
957 4059 992 4112 ad
1003 4073 1115 4112 manum
1133 4074 1199 4113 nou
1216 4057 1312 4126 fuisse,
1330 4057 1379 4112 sed
1390 4059 1488 4127 potius

321 4151 403 4200 autea
421 4145 456 4200 ab
475 4160 516 4211 eo,
534 4158 603 4212 quae
621 4150 782 4199 narraturus
801 4148 869 4209 erut,
886 4149 1025 4213 excerpta.
