3134 4986
135 376 218 446 Quae
237 377 306 433 ratio
324 376 473 434 intercedat
489 379 559 432 inter
570 377 721 434 Vitruvium
739 384 766 434 et
777 377 949 434 Athenaeum
967 379 1162 434 mechanicum.
1202 381 1264 439 327

95 571 160 635 per
191 553 329 624 canales
354 551 596 639 progredientes
625 550 790 620 effundere
819 559 893 620 ante
917 573 1049 620 murum.
1105 554 1186 621 Dum
1220 556 1266 620 ihi

95 674 228 738 magna
241 656 292 722 vis
307 674 421 740 aquae,
445 656 514 738 luti,
536 656 687 722 stercoris
708 661 802 722 nocte
824 656 957 739 profusa
978 656 1107 740 fuisset,
1135 663 1266 740 postero

95 755 155 822 die
172 755 338 842 helepolis
353 756 512 824 accedens
528 763 700 841 antequam
716 756 992 841 adpropinquaret
1007 757 1049 824 ad
1072 778 1207 842 murum,
1233 760 1266 825 in

96 858 218 926 umido
236 859 391 943 voragine
405 857 492 926 iacta
507 857 653 926 consedit
669 879 729 926 neo
742 858 896 944 progredi
917 879 978 924 nec
1000 859 1129 942 regredi
1152 867 1266 946 postea

95 961 220 1045 potuit.
266 963 379 1046 Itaque
408 961 590 1028 Demetrius
619 980 692 1028 cum
714 962 850 1029 vidisset
872 961 1032 1044 sapientie
1054 962 1207 1044 Diogneti
1229 983 1265 1030 se

96 1063 281 1148 deceptum
297 1084 379 1148 esse,
395 1083 468 1131 cum
484 1063 588 1131 classe
603 1083 661 1130 sua
673 1062 830 1132 discessit.
862 1065 953 1129 Tunc
975 1063 1095 1130 Rhodii
1111 1064 1264 1147 Diogneti

96 1167 255 1235 sollertia
283 1166 412 1234 liberati
441 1165 544 1249 bello,
573 1165 703 1249 publice
726 1166 846 1249 gratias
869 1173 1004 1250 egerunt
1025 1165 1265 1250 honoribusque

96 1269 255 1336 omnihus
295 1289 368 1336 enm
402 1274 435 1335 et
470 1268 664 1334 ornamentis
694 1275 947 1351 exornaverunt,
986 1268 1163 1352 Diognetus
1193 1288 1264 1335 eam

96 1369 284 1454 helepolim
313 1370 442 1437 reduxit
470 1371 503 1436 in
531 1371 642 1436 urbem
671 1378 704 1435 et
731 1372 765 1436 in
793 1370 923 1454 puhlioo
953 1371 1135 1438 conlocavit
1164 1377 1196 1436 et
1218 1371 1262 1436 in·

95 1472 236 1556 scripsit
255 1466 448 1558 ‘Diognetus
469 1492 487 1538 c
509 1472 669 1540 manubiis
691 1472 726 1539 id
746 1471 751 1554 Ι
770 1473 891 1556 populo
914 1471 1004 1538 dedit
1026 1463 1184 1556 munus'.)
1263 1493 1320 1538 vro.
1335 1507 1357 1549 p.
1372 1497 1417 1538 aee.

187 1574 278 1640 Non
307 1577 436 1642 minus
460 1573 561 1641 ctio
583 1594 668 1641 cum
690 1595 814 1660 supra
835 1593 961 1641 naves
984 1575 1263 1642 sambucarum

95 1676 319 1745 machinas
352 1678 493 1746 hostes
522 1675 894 1760 comparavissent,
923 1683 1019 1744 noctu
1042 1676 1115 1743 Ghii
1145 1683 1262 1742 terram

96 1779 261 1846 harenam
288 1779 416 1866 lapides
443 1785 671 1864 progesserunt
698 1779 732 1842 in
754 1797 842 1844 mare
865 1784 939 1845 ante
963 1798 1097 1845 murum.
1142 1780 1192 1845 Ite
1214 1780 1263 1844 illi

96 1890 237 1967 postero
249 1883 302 1950 die
315 1903 387 1950 cum
399 1879 555 1948 accedere
563 1879 750 1963 voluissent,
763 1899 997 1965 navessnpra
1008 1882 1260 1964 aggerationem,

97 2005 185 2068 qnae
213 1983 320 2051 fuerat
342 1985 401 2051 suh
423 2003 525 2067 aqua,
554 1981 706 2048 sederunt
728 2001 789 2048 neo
810 1981 854 2048 ad
876 2002 1001 2048 murum
1024 1977 1180 2050 accedere
1202 2003 1263 2050 nec

95 2093 261 2155 retrorsus
276 2107 312 2154 se
326 2087 471 2171 recipere
487 2086 666 2168 potnerunt,
691 2081 748 2147 sed
771 2081 816 2147 ihi
839 2085 1046 2153 malleolis
1069 2085 1262 2154 confixae

98 2189 299 2258 incendio
323 2196 415 2257 eunt
437 2187 733 2271 conflagratae.
