3198 4974
302 387 365 447 214
778 387 844 444 Otto
861 389 987 444 Boclrsuh

298 582 334 628 re
357 565 506 627 versatus
529 566 588 644 est,
612 559 786 628 Plutarcho
809 567 842 626 et
865 561 1025 647 Dionysio
1054 564 1195 630 interae
1218 563 1344 630 collatis
1368 583 1471 647 quae·

299 665 437 730 ationem
459 661 502 728 ad
518 663 641 729 exitum
657 663 754 745 plane
770 663 936 728 diversum
953 665 1184 749 perduxerunt.
1222 665 1470 732 Nituschius

299 766 385 832 enim
396 765 574 848 aDionysii
585 771 717 831 auctore
725 799 767 810 -
776 784 872 848 quern
885 766 1059 832 arbitratur
1070 785 1142 833 esse
1151 767 1311 833 Licinium
1320 766 1469 834 Macrum

296 905 337 915 -
353 869 477 934 Valerii
493 869 633 933 Antiatis
655 867 760 933 fusam
782 868 1001 935 narrationem
1024 887 1096 933 cum
1119 870 1207 936 tenni
1229 871 1387 935 memoria
1408 890 1468 936 an-

295 971 470 1057 tiquissimi
499 967 667 1035 cuiusdam
695 969 860 1035 annalium
890 971 1056 1055 scriptoris
1078 1005 1122 1016 -
1143 971 1239 1036 Fabii
1262 970 1399 1037 Pictoris
1424 1007 1467 1016 —

297 1073 449 1140 continuo
472 1071 726 1155 conglutinatam
757 1090 829 1136 esse
852 1079 977 1154 censet,
1006 1077 1042 1137 ut
1069 1091 1156 1137 nova
1185 1073 1344 1137 memoria
1366 1093 1468 1158 quarn

295 1176 471 1242 Valeriana
501 1174 598 1238 otiam
615 1173 741 1257 latior,
772 1192 856 1256 quae
884 1175 991 1240 minus
1019 1181 1128 1240 tamen
1151 1174 1345 1240 Valerianae
1375 1177 1469 1258 genti

295 1278 438 1358 faveret,
470 1277 650 1342 exsisteret.
696 1273 769 1352 Qua
797 1277 957 1341 sententia
984 1279 1106 1344 reiecta
1135 1276 1344 1360 Virclrius,
1375 1278 1469 1360 quod

296 1379 448 1462 Dionysii
464 1384 496 1443 et
511 1376 678 1450 Plutarchi
692 1378 871 1443 memoriae
886 1377 1036 1460 quamvis
1051 1383 1121 1443 arte
1143 1378 1227 1444 inter
1242 1398 1278 1444 se
1292 1379 1469 1463 attingant,
1581 1409 1582 1422 ι

296 1500 395 1566 saepe
425 1485 533 1546 tamen
557 1479 714 1564 singulari
736 1477 835 1544 modo
859 1477 1047 1562 divergant,
1078 1480 1124 1544 ita
1145 1481 1254 1564 potius
1277 1481 1386 1547 studet
1407 1501 1468 1548 ex-

294 1585 434 1668 plicare,
464 1587 501 1646 ut
522 1581 660 1664 gloriam
683 1601 722 1646 ac
744 1579 858 1646 laudes
882 1577 1084 1647 valeriorum
1112 1601 1178 1646 non
1200 1602 1221 1648 a
1243 1581 1375 1649 Valerio
1397 1584 1468 1648 An·

295 1687 375 1751 tiate
397 1684 527 1750 demum
549 1684 700 1750 inventas
716 1702 787 1750 esse
809 1691 920 1766 ponat,
943 1682 1002 1750 sed
1017 1702 1077 1766 per
1092 1685 1305 1767 complurium
1328 1687 1468 1769 scripto·

294 1807 384 1868 rum,
407 1795 443 1851 ut
465 1787 512 1850 ita
534 1785 655 1869 dicam,
679 1784 825 1851 officinas
848 1787 990 1869 perlatas
1018 1787 1123 1869 magis
1152 1787 1322 1870 magisque
1350 1795 1468 1854 auctas

296 1908 384 1970 esse,
408 1907 510 1970 quare
531 1906 666 1954 necesse
688 1907 753 1952 non
775 1906 846 1952 esse
868 1888 949 1954 talia
971 1889 1080 1954 omnia
1102 1888 1144 1953 ad
1167 1889 1274 1972 ipsum
1296 1888 1468 1956 Valerium

294 1990 459 2056 Antiatem
482 1987 611 2072 referri,
634 1989 686 2054 cui
710 1989 900 2074 sententiae,
923 2009 987 2074 quo
1003 1992 1118 2058 melius
1141 2010 1261 2072 magna
1282 1991 1468 2056 similitudo

295 2098 328 2157 et
349 2091 529 2174 singulares
545 2091 706 2175 quaedam
725 2093 953 2158 consensiones
969 2092 1195 2176 expediantur,
1218 2093 1253 2158 id
1276 2093 1369 2159 addit
1392 2113 1468 2160 sae-

294 2195 369 2276 pius
392 2193 584 2276 Dionysium
606 2194 734 2260 Licinio
756 2194 865 2260 Mauro
889 2195 1003 2260 relicto
1025 2193 1069 2260 ad
1091 2195 1198 2278 ipsum
1214 2195 1379 2262 Valerium
1396 2196 1467 2262 An·
1581 2291 1582 2296 ἵ

294 2295 408 2362 tiatem
429 2314 502 2362 sese
524 2298 732 2362 convertisse.

380 2399 428 2464 Ac
443 2395 628 2464 Nitzschius
650 2399 782 2480 quidem
804 2403 978 2482 propterea
989 2398 1155 2464 Valerium
1167 2398 1332 2464 Antiatem
1354 2399 1467 2482 ipsum
1581 2359 1582 2410 ἶ

292 2499 486 2582 aDionysio
510 2519 581 2566 esse
605 2501 804 2584 exscriptum
825 2500 968 2582 negavit,
993 2499 1079 2582 quod
1096 2519 1196 2584 saepe
1212 2501 1361 2566 Valerius
1376 2501 1466 2566 Pub·

291 2603 392 2668 licola
414 2603 548 2684 eiusque
571 2621 651 2684 gens
666 2602 754 2684 apud
770 2602 964 2685 Dionysium
987 2603 1165 2668 minoribus
1188 2603 1340 2670 laudibus
1362 2623 1465 2687 quam

294 2703 384 2786 apud
398 2702 607 2768 Plutarchum
624 2702 810 2769 efferuntur.
848 2702 953 2782 Quam
976 2723 1055 2785 rem,
1079 2724 1152 2770 cum
1168 2711 1277 2770 cetera
1293 2707 1464 2791 pleraque,

295 2823 379 2888 quae
402 2805 435 2868 in
458 2803 624 2870 Plutarchi
644 2797 834 2872 ‘Publicola'
860 2807 955 2889 legis,
978 2807 1011 2870 in
1034 2804 1194 2888 Dionysio
1218 2827 1348 2890 quoque
1370 2809 1464 2874 inve·
1581 2879 1582 2888 ,

293 2908 437 2988 niantur,
461 2906 583 2988 optime
606 2912 700 2988 putat
722 2908 908 2992 explanari,
932 2909 960 2974 si
984 2908 1181 2974 coniciamus
1210 2909 1277 2974 iam
1299 2909 1465 2976 Licinium

293 3008 454 3090 Macrum,
478 3007 629 3090 Dionysii
658 3013 840 3092 auctorem,
862 3010 1004 3076 Antiatis
1034 3009 1169 3078 annales
1191 3011 1226 3075 in
1251 3030 1343 3078 usum
1366 3031 1463 3078 suum

294 3111 503 3192 convertisse,
527 3128 566 3174 eo
589 3114 699 3176 tamen
722 3110 869 3194 consilio,
892 3117 929 3176 ut
949 3099 1153 3178 Valeriorum
1177 3113 1314 3196 gloriam
1336 3115 1379 3182 ab
1394 3115 1464 3180 An·
1581 3195 1582 3210 ,

292 3213 372 3278 tiata
405 3217 534 3295 praeter
567 3209 699 3276 modum
729 3218 858 3278 auctam
886 3214 1122 3296 aliquantulum
1152 3215 1365 3282 imminueret.
1417 3218 1465 3284 At

292 3312 446 3382 Virckius
468 3333 533 3378 non
555 3313 674 3378 iniuria
696 3315 833 3398 opponit
855 3316 1024 3383 consilium
1047 3317 1172 3400 gloriae
1188 3317 1383 3384 Valerianae
1404 3319 1464 3386 de·
1581 3325 1582 3328 ’

291 3416 480 3482 trectandae
503 3413 586 3480 adeo
609 3434 673 3480 non
695 3415 729 3483 in
746 3417 896 3500 Dionysii
918 3419 1103 3485 narratione
1126 3419 1289 3502 cognosci,
1312 3426 1348 3485 ut
1362 3422 1464 3488 inter·

292 3517 370 3584 dum
393 3519 492 3608 etiam
514 3517 637 3582 maiore
660 3536 756 3600 quarn
771 3519 962 3586 Plutarchus
985 3520 1083 3586 laude
1101 3520 1305 3588 Publicolam
1327 3524 1462 3590 ornarit.

294 3619 394 3686 (iuius
416 3619 465 3684 rei
481 3619 666 3700 exemplum
688 3626 724 3684 ut
745 3620 1036 3690 luculentissimum
1052 3622 1158 3688 adfert
1173 3623 1270 3689 Dion.
1285 3630 1350 3689 ant
1366 3625 1462 3692 Rom.

292 3721 391 3799 VAS,
418 3721 475 3787 ubi
503 3721 656 3804 scriptor,
686 3728 858 3805 postquam
887 3723 929 3790 de
959 3732 1061 3790 morte
1085 3725 1207 3792 Valerii
1228 3727 1367 3809 rettulit,
1396 3729 1463 3793 viri

293 3822 465 3889 clarissimi
488 3821 631 3888 indolem
653 3829 750 3906 atque
774 3827 889 3891 merita
911 3827 971 3892 sub
993 3847 1057 3894 uno
1075 3833 1210 3910 aspectu
1224 3829 1463 3912 comprehensa

294 3924 397 3991 oeulis
418 3925 643 4008 propositurus
657 3925 877 3994 laudationem
900 3928 1006 4010 (quasi
1020 3929 1199 4008 funebrem)
1223 3929 1264 3995 de
1280 3949 1319 3996 eo
1335 3933 1461 3999 inserit.

292 4026 344 4092 Ex
368 4045 433 4110 qua
455 4045 650 4110 quamquam
676 4029 848 4094 telia'non
871 4031 1078 4115 concludam,
1109 4032 1186 4114 quia
1206 4039 1357 4100 accurate
1379 4035 1461 4100 Dio·

292 4128 379 4212 nysii
408 4128 570 4195 scribendi
597 4130 723 4196 ratione
750 4130 955 4198 considerata
989 4134 1090 4200 multa
1119 4134 1161 4199 ab
1196 4134 1269 4218 ipso
1299 4135 1460 4221 Dionysio
