3270 4968
444 356 485 410 De
505 356 628 412 codicum
646 355 843 413 Isocratcorum
860 358 1033 414 auctoritate.
1276 361 1315 418 63

126 532 128 536 '
164 526 205 591 ab
229 526 393 596 Urbinatis
416 536 594 598 correctore
610 537 630 596 4
646 532 790 616 collatus,
814 552 909 616 quem
933 552 974 600 ex
997 531 1118 600 codicis
1143 535 1172 597 Θ
1194 533 1319 601 familia

162 628 263 696 inisse
285 631 504 699 Buermannus
520 634 563 712 (II
577 656 608 720 p.
628 637 678 712 18)
701 634 819 717 docuit,
843 656 914 701 cum
938 634 1045 702 Photii
1068 637 1150 704 libro
1172 639 1319 722 congruit

165 733 308 800 oratione
331 733 372 800 de
394 735 478 818 bigis
501 737 629 803 omissa.

250 835 356 915 Quare
379 858 451 904 cum
474 836 582 903 Photii
604 840 772 922 exemplar
792 858 850 922 pro
873 840 985 906 codice
1004 843 1033 905 Θ
1050 841 1316 927 substituerimus,

165 939 327 1006 diversum
351 941 529 1006 orationum
548 940 692 1007 ordinem
708 943 967 1025 comparantibus
983 945 1082 1011 mirus
1097 944 1227 1027 quidam
1244 966 1317 1013 con·

164 1062 276 1109 sensus
298 1041 444 1126 efficitur,
473 1044 527 1127 qui
551 1044 680 1110 fortuito
702 1043 804 1110 factus
828 1064 898 1112 esse
928 1046 1048 1127 nequit.
1092 1047 1217 1131 Nempe
1246 1069 1318 1115 cum

164 1144 250 1212 idem
273 1147 451 1212 orationum
474 1147 498 1211 Ι.
515 1147 555 1212 ΙΙ.
572 1146 628 1212 Ill.
646 1146 724 1213 ordo
739 1153 893 1230 servetur,
917 1149 1078 1216 orationes
1094 1149 1135 1216 X.
1151 1149 1209 1216 XI.
1225 1151 1316 1218 XIII.

163 1249 221 1314 IX.
245 1249 306 1314 etsi
335 1255 544 1316 commutatas
574 1250 717 1332 separari
746 1270 810 1316 non
840 1270 935 1333 posse
969 1251 1196 1336 intellegimus,
1230 1254 1316 1337 quod

163 1357 293 1436 propter
316 1351 492 1418 orationem
511 1351 604 1416 XIII.
628 1351 771 1418 additam
794 1371 923 1437 premo‚·
944 1373 1048 1436 neque
1067 1355 1246 1421 orationum
1262 1357 1314 1422 VI.

163 1455 233 1519 VII.
256 1454 342 1520 XIV.
367 1453 452 1519 VIII.
476 1455 513 1520 V.
537 1454 609 1519 XII.
633 1455 687 1520 IV.
703 1454 881 1539 dispositio,
907 1476 1003 1539 quam
1018 1457 1153 1540 praebet
1167 1457 1315 1542 Urbinas,

163 1577 183 1622 a
206 1557 320 1623 ceteris
343 1556 508 1624 codicibus
527 1557 573 1623 ita
587 1557 695 1623 aliena
711 1563 768 1641 est,
791 1578 863 1624 cum
880 1558 984 1626 codex
998 1563 1037 1621 A
1053 1558 1183 1626 easdem
1200 1561 1315 1628 oratio-

163 1679 219 1727 nes
236 1659 347 1726 0rdine
369 1659 500 1742 quidem
523 1661 646 1726 variato
662 1660 922 1745 comprehendat,
947 1669 1083 1745 excepto
1105 1661 1316 1748 Panegyrico,

163 1763 219 1846 qui
241 1767 323 1829 teste
346 1762 458 1829 codice
480 1767 519 1826 H
536 1782 705 1848 perperam
730 1764 812 1830 inter
834 1764 999 1831 Nicoclem
1029 1771 1061 1831 ct
1082 1764 1240 1831 Helenam
1270 1767 1316 1831 in-

164 1871 267 1932 sertus
298 1869 354 1931 est.
399 1866 495 1949 Apud
519 1866 670 1932 Photium
700 1872 805 1932 autem
836 1866 995 1933 orationes
1024 1866 1158 1933 eaedem
1188 1887 1316 1953 compo·

163 1973 290 2050 nuntur,
306 1967 369 2034 nisi
385 1967 471 2051 quod
487 1969 646 2035 orationes
662 1969 700 2036 V.
717 1975 750 2036 et
763 1969 849 2052 XII,
872 1988 955 2052 quae
970 1971 1003 2034 in
1018 1970 1173 2038 Urbinate
1189 1989 1317 2054 quoque

163 2071 352 2137 coniunctae
375 2069 577 2154 exhibentur,
601 2072 797 2138 orationibus
820 2071 908 2152 XIII.
933 2071 990 2136 XI.
1013 2071 1054 2136 X.
1070 2070 1128 2136 IX.
1148 2071 1316 2157 interposi-

163 2173 204 2238 tis
232 2193 253 2238 a
281 2174 395 2240 ceteris
429 2179 572 2241 remotae
606 2179 687 2240 sunt.
733 2172 921 2240 Orationum
955 2173 1083 2240 demum
1117 2174 1316 2242 iudicialium

163 2273 308 2341 ordinem
331 2275 490 2342 turbatum
514 2296 670 2343 essenon
693 2282 750 2360 est,
773 2277 861 2359 quod
883 2276 1043 2360 miremur,
1068 2296 1139 2341 cum
1155 2279 1316 2346 orationes

162 2376 281 2442 XVIII.
305 2383 337 2444 et
358 2378 447 2444 XXI.
471 2379 504 2444 in
527 2379 638 2446 codice
660 2381 698 2460 Γ,
722 2380 897 2446 orationem
919 2378 1006 2444 XVI.
1037 2379 1070 2444 in
1099 2378 1206 2445 Photii
1234 2383 1316 2448 libro

163 2479 349 2563 deperditas
381 2481 558 2548 videamus.
603 2480 695 2559 Quae
723 2482 911 2565 principalis
942 2481 1119 2561 orationum
1149 2481 1318 2567 dispositio

161 2579 267 2667 suerit,
291 2583 467 2667 disceptari
482 2585 539 2650 vix
555 2584 685 2668 poterit,
709 2584 856 2667 quamvis
871 2588 1002 2667 propter
1018 2582 1138 2652 codicis
1153 2585 1318 2654 Urbinatis

162 2685 313 2752 virtutem
342 2686 510 2770 probabile
544 2687 595 2770 sit,
629 2687 730 2772 ipsius
764 2686 908 2753 ordinem
943 2703 1014 2752 esse
1048 2688 1317 2772 amplectendum.

161 2789 231 2855 Iam
254 2788 375 2856 ordinis
391 2789 528 2856 diversis
544 2788 709 2856 codicibus
726 2787 836 2854 naditi
858 2787 1099 2855 similitudinem
1116 2791 1318 2858 constituisse

163 2890 310 2976 sufficiat,
323 2911 407 2975 quae
419 2913 491 2959 cum
503 2911 562 2976 per
573 2892 727 2958 Isocratei
739 2892 883 2974 corporis
894 2890 1093 2958 redactorem
1106 2912 1169 2959 non
1177 2895 1317 2977 explice-

162 3000 223 3080 tur,
245 2994 288 3060 ad
311 3015 512 3062 communem
535 2994 681 3062 codicum
703 2995 822 3062 iontem
846 2995 961 3080 viginti
985 2994 1144 3061 orationes
1168 3001 1201 3061 et
1222 3016 1317 3062 unam

162 3117 205 3173 ex
227 3098 428 3180 grammatici
451 3096 617 3168 cuiusdam
641 3097 725 3164 curis
748 3099 951 3182 complexum
973 3115 1033 3164 nos
1055 3103 1197 3181 revocat,
1222 3117 1316 3182 quem

161 3201 341 3268 accuratius
363 3221 447 3267 nunc
468 3206 649 3268 tractemus.
843 3277 857 3302 ⁸

248 3305 293 3371 Ut
322 3324 522 3372 communem
553 3306 732 3371 orationum
756 3301 1076 3369 Demosthenicarum
1106 3300 1317 3387 archetypum

161 3405 205 3472 'ex
218 3408 377 3474 communi
393 3409 546 3474 orationis
557 3415 668 3475 contra
678 3405 889 3472 Zenothemin
901 3406 1016 3472 lacuna
1028 3411 1173 3472 constare
1189 3407 1316 3473 notissi-

162 3530 249 3576 mum
274 3516 331 3595 est,
354 3512 400 3576 ita
416 3531 474 3577 uos
491 3510 604 3577 eadem
620 3511 743 3576 ratione
759 3509 877 3592 viaque
891 3509 1066 3574 Isocratem
1081 3507 1315 3592 aggrediamur.

161 3613 269 3697 Atque
286 3619 434 3698 quattuor
455 3613 605 3681 Isocratis
628 3613 789 3679 orationes
811 3631 944 3678 mancae
960 3610 1003 3676 ad
1017 3630 1075 3677 nos
1091 3617 1316 3695 pervenerunt,

162 3735 205 3782 ex
227 3716 343 3798 quibus
366 3716 468 3782 oratio
491 3716 545 3792 ,in
560 3714 766 3800 Euthynum“
789 3715 821 3778 in
844 3733 974 3780 consum
990 3713 1100 3780 venire
1115 3733 1179 3779 non
1201 3717 1316 3796 potest,

163 3819 292 3884 cumin
315 3819 426 3886 codice
449 3824 487 3882 A
509 3820 578 3886 solo
601 3823 729 3886 servata
751 3815 833 3882 nihil
855 3816 896 3881 ad
920 3813 1057 3882 eundem
1080 3815 1226 3882 codicum
1248 3815 1316 3880 fon·

162 3928 228 3987 tem
251 3921 522 4007 comprobandum
538 3923 654 3990 valeat.
699 3919 850 3987 Fortasse
865 3921 898 3984 in
912 3917 1099 4002 archetypo,
1122 3938 1218 4002 quem
1234 3938 1317 3984 nunc

163 4023 293 4110 quidem
318 4045 418 4109 sumo,
441 4045 505 4091 non
527 4025 658 4110 exstitit,
681 4025 740 4092 sed
754 4028 869 4108 postea
883 4023 916 4087 in
931 4021 1047 4087 librum
1064 4020 1229 4088 codicibus
1247 4024 1317 4085 ΘΛ

163 4129 407 4198 antecedentem
437 4134 577 4214 recepta,
609 4129 745 4197 fortasse
773 4147 850 4194 casu
879 4127 912 4192 in
941 4129 971 4188 Γ
989 4125 1109 4192 amIsse
1138 4132 1195 4210 est,
1230 4123 1316 4209 quod
