3134 4986
473 397 651 466 quaestiones
668 395 874 452 Posidonianae.
1197 393 1259 452 345

93 593 117 638 a
127 572 274 654 Diogene
289 572 324 636 in
336 561 600 652 ‘Meteorologia’
617 576 847 653 pertrectatum
862 569 924 636 etsi
935 569 1053 636 certius
1064 565 1192 634 definiri
1203 586 1257 632 ne·

93 673 174 756 quit,
198 678 306 738 amen
328 671 405 738 iude
427 672 515 756 quod
530 671 695 754 Diogenes
717 672 758 738 de
780 672 941 757 principio
963 671 1055 753 (περὶ
1070 669 1130 752 τῆς
1145 658 1258 754 ἀρχῆς)

96 774 291 858 disquisivit,
307 792 507 856 consequens
523 792 594 840 esse
609 772 739 838 videtur
752 780 789 839 ut
802 774 899 840 latius
913 773 1058 857 patuisse
1070 789 1259 838 censeamus

95 896 193 960 quam
215 875 289 940 libri
311 875 510 941 Aristotelioi
532 875 588 959 qui
610 874 795 942 inscribitur
814 862 1128 958 ‘Mecewgolcycad'

181 976 247 1042 Sed
280 996 358 1042 mox
387 995 505 1042 nomen
534 977 785 1060 meteorologiae
813 977 847 1042 in
877 975 1149 1061 contemptionem
1180 973 1263 1039 abiit

93 1080 217 1162 quippe
244 1077 332 1161 quod
353 1078 498 1144 Platonis
527 1097 610 1144 aevo
633 1079 734 1144 multo
757 1079 860 1144 rarius
881 1079 1013 1163 proprio
1035 1096 1134 1160 qnam
1155 1080 1260 1141 trans-

92 1183 162 1248 lato
191 1199 287 1248 sensu
315 1188 523 1264 usurparetur
551 1179 593 1246 de
620 1179 728 1246 studio
753 1199 861 1246 rerum
889 1181 986 1246 nimis
1016 1178 1183 1245 subtilium
1205 1183 1262 1242 aut
1394 1234 1396 1239 .

93 1303 228 1367 prorsus
256 1283 410 1348 inanium.
459 1282 578 1348 Parum
605 1283 691 1348 euim
717 1282 915 1348 fructuosum
939 1288 997 1348 aut
1021 1281 1100 1346 utile
1126 1278 1262 1344 Atheni-

94 1386 223 1452 ensium
251 1384 450 1451 multitudini
472 1385 578 1450 visum
602 1390 651 1452 est
672 1383 828 1450 caelestia
849 1383 1065 1466 sublimiaque
1087 1379 1261 1465 speculari,

92 1507 211 1570 pamm
233 1487 323 1569 pium
344 1487 468 1569 priscas
490 1485 533 1552 de
554 1487 671 1569 priscis
693 1485 745 1552 dis
766 1482 895 1552 fabulas
916 1483 1142 1552 astronomicis
1164 1483 1261 1548 ratio·

90 1590 193 1656 nibus
215 1589 377 1654 infensare
398 1595 455 1654 aut
476 1587 559 1654 adeo
579 1594 734 1655 evertere.
768 1585 840 1666 Quo
856 1587 1051 1668 factumest,
1073 1592 1109 1651 ut
1124 1587 1181 1668 qui
1195 1585 1261 1650 illis

94 1690 214 1756 studiis
248 1709 381 1773 operam
408 1690 573 1756 nauabant
601 1691 699 1772 volgo
729 1691 814 1756 male
841 1689 992 1756 audirent
1020 1695 1118 1772 atque
1148 1693 1263 1770 utpote

92 1793 275 1859 nebulones
302 1782 489 1869 (ἀλσζόνεςε
518 1791 566 1857 εἰσ
586 1791 696 1857 Meton
724 1790 904 1857 traducitur
926 1790 1016 1874 apud
1037 1788 1205 1874 Aristoph.
1229 1789 1263 1853 in

89 1887 179 1960 ‘Au'
197 1914 228 1960 u.
248 1895 340 1958 1016.
377 1893 462 1960 Vide
484 1892 634 1960 Ribbeck
646 1883 790 1960 ‘Alazon'
816 1914 849 1978 p.
869 1895 1003 1976 10sqq.)
1025 1898 1081 1958 aut
1102 1897 1263 1975 nugantes

95 1995 283 2062 homunculi
305 1997 541 2080 sugillarentur.
578 1995 733 2078 Exceptis
754 1996 868 2078 paucis
886 1996 953 2062 illis
969 2014 1050 2078 quos
1065 2013 1164 2078 supra
1178 1993 1261 2058 indi·

93 2099 172 2165 cavi
193 2099 273 2164 loeis
288 2098 377 2180 apud
391 2097 560 2164 Platonem
575 2117 672 2165 voees
689 2096 936 2182 μετεωρσλσχλα
950 2094 1102 2172 (Phaedr.
1117 2115 1150 2179 p.
1163 2095 1263 2160 27οΑ

94 2195 192 2286 [bis]l‚
214 2198 497 2284 μετεωρολογικός
512 2200 608 2277 (Tim.
623 2221 655 2283 p.
672 2203 711 2265 91
721 2199 773 2282 D),
788 2195 1035 2282 μετεωρολόγοι
1049 2197 1130 2274 (Pol.
1148 2197 1263 2279 29933

93 2303 183 2369 Orat.
213 2322 245 2385 p.
260 2306 321 2366 401
336 2302 393 2385 B),
421 2293 701 2386 μετεωροσκόπος
731 2301 811 2377 (Pol.
834 2321 866 2384 p.
883 2299 1002 2380 488313
1031 2299 1075 2364 ib.
1098 2321 1130 2384 p.
1147 2302 1210 2365 489
1222 2301 1264 2379 Α)

95 2407 140 2470 al.
165 2405 266 2471 eiusd.
289 2403 358 2470 rad.
381 2404 591 2488 contemptim
613 2403 721 2469 dictae
743 2408 826 2468 sunt.
862 2399 1062 2484 Saepissime
1078 2419 1142 2482 quo
1160 2401 1264 2483 magis

98 2507 270 2574 consilium
284 2505 455 2572 deridendi
470 2506 524 2572 vel
539 2505 716 2571 insultandi
732 2505 900 2588 adpareat,
916 2502 1065 2568 additum
1080 2502 1265 2568 invenimus

98 2609 294 2674 vocabulum
317 2598 496 2688 ἀδολεσχία
518 2613 574 2672 aut
597 2597 778 2692 ἀδολέσχης
800 2605 852 2682 (cf.
870 2603 1009 2670 Phaedr.
1032 2623 1065 2686 p.
1082 2605 1145 2668 270
1158 2605 1188 2668 A
1203 2604 1264 2688 in.;

96 2711 169 2776 Pol.
191 2729 224 2792 p.
240 2709 339 2774 4883
354 2715 387 2775 et
402 2709 517 2790 489A3
540 2708 610 2774 Pol.
628 2710 690 2772 299
702 2709 744 2792 Β;
768 2708 853 2776 Orat.
873 2710 933 2771 401
949 2705 999 2781 Β).
1038 2703 1134 2783 Quod
1156 2712 1264 2774 autem

97 2813 192 2878 Plato
226 2813 260 2876 iu
286 2799 384 2876 ‘Pol’
416 2830 448 2893 p.
472 2811 572 2878 4890
606 2810 742 2877 adhibet
773 2808 968 2876 vocabulum
998 2807 1267 2893 μετεωρολέσχης

98 2912 404 2997 comoediam‘sapit
419 2913 470 2993 (ef.
487 2913 653 2997 Aristoph.
668 2913 730 2996 frg.
743 2913 806 2976 386
815 2911 879 2988 K.).
903 2909 985 2977 Gum
1008 2929 1072 2992 quo
1088 2909 1266 2977 contendas

97 3017 234 3082 verbum
247 3011 504 3100 μοσεωρσφέναξ
519 3014 607 3098 quod
621 3013 715 3080 finxit
728 3011 964 3096 Aristophanes
979 3013 1014 3077 iu
1025 3003 1132 3078 ‘liuh’
1146 3033 1178 3079 ιι.
1193 3015 1265 3078 333.

98 3119 240 3186 Omnino
263 3137 330 3184 vox
350 3123 517 3183 meteorou
539 3118 680 3200 pessime
702 3121 796 3182 sonat
816 3115 905 3198 apud
927 3114 1068 3180 comicos
1085 3115 1212 3181 Atticos
1234 3120 1268 3180 et

98 3220 191 3305 apud
205 3220 384 3286 Lucienum
407 3219 463 3302 qui
486 3237 529 3284 ex
550 3219 703 3300 ampullis
726 3217 922 3284 comicorum
943 3216 1036 3282 libris
1058 3217 1125 3282 suis
1141 3215 1268 3282 colores

97 3324 295 3408 adspergere
311 3320 479 3388 consuevit
493 3321 544 3396 (of.
558 3339 609 3384 ex.
622 3339 649 3384 c.
658 3313 793 3386 ‘Amou'
808 3321 868 3382 457
885 3324 918 3384 et
929 3310 1037 3383 ‘Men'
1051 3319 1137 3395 486).
1161 3318 1267 3383 Etiam

99 3424 275 3508 Euripides
297 3423 506 3505 contemptim
528 3422 670 3504 loquitur
691 3420 733 3487 de
755 3421 985 3502 meteorologis
1007 3417 1059 3495 (cf.
1075 3421 1136 3502 frg.
1154 3422 1228 3502 913,
1246 3422 1266 3484 2

96 3529 169 3604 Nil.
214 3525 330 3608 Neque
358 3544 435 3591 vero
466 3544 546 3608 opus
577 3529 626 3590 est
654 3522 739 3588 hanc
766 3523 931 3588 notionem
960 3520 1014 3588 hio
1036 3522 1165 3604 longius
1187 3541 1265 3604 per-

100 3631 205 3714 sequi.
254 3628 303 3694 Ao
330 3646 371 3692 ne
399 3632 515 3710 postea
542 3625 586 3692 ad
615 3645 687 3691 eam
714 3625 834 3690 reverti
864 3645 977 3707 cogar,
1012 3623 1122 3690 statim
1151 3643 1266 3691 moneo

101 3751 162 3818 per
183 3730 369 3806 diuturnum
390 3735 518 3812 tempus
533 3747 606 3793 eam
620 3727 653 3792 in
669 3726 785 3792 litteris
801 3726 935 3792 Graecis
950 3725 1095 3808 viguisse
1112 3723 1164 3804 (cf.
1181 3726 1266 3792 Plut.

97 3823 194 3899 ‘Pea’
221 3851 291 3914 cap.
308 3831 336 3896 V
358 3851 390 3914 p.
409 3828 507 3895 1540
529 3835 562 3896 et
577 3827 710 3895 Aristid.
730 3821 806 3894 ‘Ars
825 3819 914 3894 rhet.³
940 3848 972 3911 p.
990 3829 1063 3910 343,
1082 3829 1121 3892 16
1137 3829 1202 3894 vel.
1218 3827 1267 3892 IX

99 3933 226 4012 wala).

127 4059 128 4068 ¹
189 4033 256 4101 Sed
278 4034 343 4099 iam
365 4034 585 4117 respiciamus.
623 4031 847 4116 Expendimus
869 4051 981 4098 omnes
1003 4031 1093 4098 locos
1113 4031 1169 4097 ubi
1184 4049 1269 4114 quae

101 4140 153 4205 vis
183 4137 344 4205 vocabulo
373 4142 539 4203 meteoron
567 4135 748 4217 ceterisque
778 4153 862 4217 quae
884 4135 926 4200 ab
949 4132 1011 4199 hoc
1034 4131 1174 4199 deducta
1196 4138 1269 4198 sunt
