3134 4986
478 343 657 412 QnaestIonss
675 343 883 402 Posidonianaa.
1200 345 1264 405 377

106 515 164 600 μὲν
192 501 250 580 οὖν
274 510 292 581 ὃ
312 508 529 600 Ἀλέξανδρος
556 511 632 602 ἦτοι
654 511 671 583 ὅ
695 513 790 601 παρὰ
812 526 862 602 τῷ
880 513 1089 602 Ἀλεξάνδρῳ
1109 515 1265 600 Ἀριστο-

107 618 200 706 τέλος
222 614 281 706 τὴν
304 615 473 704 διαφορὰν
488 612 760 703 napodidwowi'
797 621 912 686 Timeo
927 639 968 684 ne
983 619 1128 687 Blassius
1142 620 1265 688 nodum

106 723 138 786 in
159 722 265 804 scirpo
286 729 427 804 quaerat
466 722 551 788 Nam
572 720 654 787 nihil
676 727 726 788 est
747 721 904 805 profeeto,
927 721 1015 805 qnod
1032 742 1090 788 nos
1107 721 1265 807 impediat

106 843 167 906 quo
189 823 294 888 minus
317 822 417 888 verba
446 820 533 886 οὕτω
555 822 616 904 μὲν
643 806 700 887 οὖν
715 823 771 888 καί
786 816 804 888 ὃ
822 827 963 904 Γεμῖνος
979 815 1055 907 ἤτοι
1070 817 1088 886 ὃ
1105 819 1199 907 παρὰ
1214 825 1265 908 τῴ

105 927 135 987 Γ
133 927 234 1008 εμίνῳ
261 922 492 1001 Ποσειδώνιος
523 921 583 1011 τὴν
612 921 781 1010 διαφορὰν
809 927 868 1012 τῆς
895 947 932 989 τε
960 924 1180 1010 φυσιολογίας
1206 926 1264 992 καὶ

103 1028 160 1111 τῆς
183 1019 401 1111 ἀστρολογίας
423 1025 660 1112 παραδίδωσιν
677 1019 748 1092 ἆντὸ
761 1019 1014 1111 Ἀριστοτέλους
1029 1024 1090 1104 τοὶς
1106 1021 1265 1113 ἀφορμὰς

104 1125 212 1210 λαβών
241 1129 314 1212 Ipsa
341 1148 470 1213 quoque
499 1150 542 1197 ex
562 1128 752 1197 Alexandro
779 1150 800 1195 a
822 1128 991 1213 Simplicio
1013 1131 1169 1196 translata
1191 1149 1263 1196 esse

103 1231 301 1297 arbitremur.
338 1232 441 1298 Immo
464 1230 527 1299 hoo
548 1238 584 1297 ut
605 1232 761 1298 faeiamus
783 1239 899 1297 anneta
920 1230 1066 1298 suadent.
1104 1231 1264 1298 Adsolent

103 1333 186 1398 enim
208 1333 276 1399 fere
297 1339 425 1400 veteres
447 1335 620 1419 scriptores
641 1333 859 1416 longiusculas
874 1334 1012 1399 aliorum
1028 1333 1264 1418 disputationes

101 1437 147 1501 ita
176 1436 320 1519 ipsorum
349 1436 486 1501 orationi
514 1435 648 1517 inferre,
676 1441 712 1500 ut
740 1435 773 1501 in
801 1435 905 1501 fronte
927 1435 1081 1520 exseripti
1103 1435 1166 1502 loei
1188 1455 1263 1502 auo·

100 1537 177 1602 toris
214 1555 332 1602 nomen
364 1543 502 1620 ponant,
540 1538 573 1602 iu
606 1537 696 1604 calos
728 1544 837 1604 antem
870 1535 965 1602 huius
998 1536 1086 1604 modi
1118 1538 1263 1604 notulam

101 1641 259 1707 adioiant:
291 1632 353 1705 ‘sid
380 1637 481 1705 Gaius
510 1631 665 1704 disserit’.
710 1638 818 1705 Veluti
848 1637 1041 1706 cleomedes
1070 1640 1103 1704 in
1128 1632 1261 1705 ‘Theon

102 1736 190 1826 oyol.³
216 1743 239 1806 I.
262 1741 279 1806 I
299 1761 331 1825 p.
356 1740 455 1822 58‚4
481 1740 600 1822 Ziegl.:
639 1732 707 1804 ἇντὸ
745 1736 873 1804 τούτων
905 1733 923 1804 ὁ
959 1737 1189 1816 Ποσειδώνιος
1222 1737 1262 1806 τὸ

101 1839 277 1924 ἐνδόσιμον
305 1837 418 1923 λαβὼν
445 1842 502 1906 καί
530 1843 601 1906 πᾶν
627 1837 666 1906 τὸ
694 1835 763 1908 ὑπὸ
785 1838 845 1906 τὸν
867 1838 1060 1928 ἰσημερινὸν
1082 1842 1185 1924 κλίμα
1208 1835 1262 1907 aii-

99 1967 219 2028 κραιον
243 1938 330 2009 εἶναι
352 1937 530 2026 ὑπέλαβεν.
572 1943 730 2012 Secuntur
751 1946 824 2029 ipsa
846 1944 1014 2011 Posidonii
1036 1945 1147 2011 verba.
1185 1945 1262 2024 Qui-

99 2048 157 2114 bus
186 2046 299 2112 relaIIs
328 2043 520 2112 cleomedes
548 2065 580 2130 p.
604 2047 662 2127 58,
689 2049 730 2111 25
760 2045 842 2112 haee
869 2047 1032 2129 adiungit:
1066 2039 1084 2110 ὅ
1114 2044 1175 2128 μὲν
1204 2030 1263 2111 οὖν

99 2145 332 2222 Ποσειδώνιος
360 2137 447 2211 οὕτω
476 2149 626 2232 φέρεται.
674 2150 820 2215 Alterum
852 2148 940 2232 apud
973 2149 1123 2215 Proelum
1156 2155 1264 2216 exstat

100 2253 294 2336 exemplum.
339 2247 403 2326 Qui
435 2251 469 2314 in
502 2251 732 2316 commentario
765 2251 799 2314 in
829 2249 977 2344 Euolidis
992 2241 1118 2317 ‘Elem'
1151 2251 1263 2317 libr.I

99 2375 129 2439 p.
152 2355 226 2438 176,
248 2355 290 2416 25
302 2371 350 2435 sq.
379 2351 499 2418 Friedl.
528 2350 590 2418 hoe
619 2352 680 2416 ait:
712 2351 818 2414 ταῦτα
848 2349 910 2431 μὲν
939 2345 997 2416 οὐν
1025 2351 1105 2433 περὶ
1134 2349 1262 2416 τούτων

100 2448 214 2541 ὀρθῶς
245 2457 385 2534 Γεμῖνος
414 2451 536 2518 διεῖλεν
566 2449 602 2528 ἐξ
629 2444 746 2537 ἀρχῆς,
775 2441 830 2516 ὅτι
857 2453 924 2516 τῶν
951 2454 1113 2537 γραμμαῗν
1142 2452 1179 2518 αἱ
1200 2457 1262 2535 μέν

100 2556 184 2623 εἰσιν
211 2553 280 2620 nui.
324 2554 378 2622 Ad
405 2553 502 2620 finem
525 2553 681 2639 perducta
703 2554 832 2622 Gemini
855 2554 897 2620 de
919 2555 1013 2620 lineis
1035 2553 1262 2638 disquisitione

98 2661 217 2743 probus
248 2657 439 2740 oompilator
465 2655 599 2722 adnotat
621 2659 816 2741 p.177,24:
847 2657 996 2720 τοσαῦτα
1023 2657 1079 2722 καὶ
1109 2648 1182 2722 ἀπὸ·
1202 2658 1262 2744 τῆς

100 2765 129 2824 Γ
127 2766 243 2844 ομίνοο
272 2757 473 2845 φιλοκαλίας
502 2755 551 2834 είς
578 2757 637 2845 τὴν
664 2759 731 2822 τῶν
758 2760 986 2841 προκειμένων
1009 2753 1162 2844 ἐξήγησιν
1184 2755 1261 2824 ἀνο-

100 2859 284 2944 λιξάμοοα.
336 2861 486 2944 Denique
518 2862 627 2927 Ionum
659 2859 822 2944 adponam
850 2860 1085 2946 OlympIodori.
1136 2860 1200 2939 Qui
1228 2863 1262 2926 in

99 2985 212 3031 eomm.
243 2963 287 3029 ad
315 2963 412 3028 Arist
437 2952 631 3030 ‘MetaoroI'
663 2982 733 3045 eap.
755 2962 846 3028 XIII.
872 2968 887 3027 1
912 2983 944 3046 p.
968 2965 1031 3029 239
1054 2963 1118 3028 vol.
1141 2963 1158 3027 I
1178 2962 1261 3029 Idei.

99 3064 179 3134 haee
208 3064 335 3132 soribit:
365 3063 425 3150 τῆς
455 3062 491 3129 δὲ
520 3061 618 3148 λοξῆς
646 3061 808 3150 κινήσεως
829 3065 896 3129 τῶν
919 3055 1051 3145 ἀνέμων
1074 3056 1179 3151 ίίλλην
1199 3063 1261 3146 μὲν

100 3165 211 3233 αἰτίαν
239 3159 257 3231 ὁ
283 3161 504 3250 Θεόφραστος
526 3161 655 3241 ἐντοῖς
677 3163 814 3242 οἰκείοις
834 3164 1017 3249 μετεώροις
1038 3156 1260 3246 ἀποδίδωσιν,

100 3262 203 3356 ditm
227 3265 264 3332 δὲ
285 3269 343 3332 νῦν
365 3260 383 3332 ὃ
403 3259 647 3354 Ἀριστοτέλης.
690 3260 707 3332 ὁ
733 3265 796 3353 γὰρ
820 3266 1040 3356 Θεόφραστός
1066 3289 1170 3356 φησιν
1194 3267 1260 3336 κοί.

100 3371 224 3438 Relatis
246 3368 465 3453 Theophrasti
493 3371 601 3437 vorbis
624 3368 875 3455 Olympiodorus
903 3365 946 3456 [p.
968 3365 1060 3454 240]:
1090 3360 1177 3434 οὕτω
1199 3369 1261 3452 μὲν

100 3465 117 3535 o‘
133 3468 363 3558 Θεόφραστος.
391 3471 552 3538 Numerus
565 3474 788 3555 exemplorum
802 3474 917 3538 mirum
933 3479 1088 3556 quantum
1103 3472 1260 3556 adaugeri

98 3579 214 3656 potest
243 3573 281 3638 In
296 3572 409 3657 primis
420 3572 537 3640 Strabo
552 3574 647 3640 istam
663 3574 784 3641 uitandi
798 3576 957 3642 rationem
972 3575 1006 3640 in
1019 3573 1146 3641 deiioiis
1162 3574 1260 3643 habe·

100 3676 164 3741 bat
194 3672 243 3742 cf.
259 3675 348 3742 Iooos
363 3694 444 3759 quos
456 3677 618 3758 congessit
626 3669 888 3760 Berger‘iieogr.
901 3677 992 3760 I'gm.
1005 3675 1063 3742 des
1075 3668 1256 3761 Hippareh'

102 3778 210 3854 (1869)
234 3795 268 3860 p.
285 3779 335 3841 13.
369 3776 436 3843 Sed
460 3777 609 3861 exemplu
631 3779 693 3843 tria
714 3797 736 3844 a
756 3778 850 3845 nobis
872 3777 984 3845 adlata
998 3779 1077 3845 satis
1092 3780 1203 3845 valent
1216 3780 1260 3846 ad

101 3878 286 3961 opiuionem
307 3885 450 3946 nostram
471 3876 668 3946 initiandum
682 3898 747 3962 qua
762 3878 874 3947 oonfisi
889 3879 991 3947 rerba
1004 3881 1037 3946 in
1052 3878 1116 3945 tine
1128 3879 1259 3965 Simpli-

102 3980 187 4046 eiani
209 3979 274 4046 Ioni
296 3980 421 4064 etipsa
442 4001 484 4048 ex
506 3980 694 4048 Alexandro
715 3981 817 4065 petita
839 4001 912 4048 esse
934 3981 1166 4049 oontendImus.

186 4080 256 4147 Iam
288 4083 520 4167 ooninngamus
552 4083 695 4150 notulam
729 4101 821 4166 qnae-
844 4082 1056 4150 (ieminianae
1089 4083 1258 4167 disputati·
