3134 4986
310 395 374 456 344
429 463 432 469 ¹
661 348 667 359 Ι
760 392 887 461 Edgarns
906 392 1019 446 Martini

311 570 460 654 Hippial:
492 563 671 653 έφοίνοντο
695 563 732 629 δέ
753 565 834 646 περὶ
857 561 989 650 φύσεώς
1010 587 1047 628 τε
1068 564 1123 628 καὶ
1146 564 1227 627 τῶν
1248 559 1480 646 μετεώρων

311 663 598 755 ἇστρονομικὰ
621 661 706 731 ἅττα
730 664 904 746 διιρωτᾶν.
941 667 1042 733 Multo
1066 666 1184 733 elarius
1206 665 1265 732 illa
1279 666 1370 732 notio
1386 665 1480 749 apud

312 773 543 858 Hippocratem
565 770 703 854 adparet
730 767 841 851 quiin
864 769 997 852 egregia
1019 761 1091 835 ‘De
1113 786 1206 850 aere,
1235 769 1345 852 aquis,
1377 758 1476 834 loeis'

315 877 473 959 seriptnra
500 893 571 992 nep.
593 873 626 937 Il
655 892 687 955 p.
709 873 760 952 34,
781 874 820 933 14
835 889 906 954 sqq.
935 869 1106 937 Knehlew.
1138 867 1221 936 haee
1248 871 1309 935 ait:
1342 870 1406 933 τοῦ
1446 867 1484 934 δὲ

309 973 428 1058 χρόνοι
451 972 633 1057 προιόντος
654 972 711 1038 καὶ
732 973 792 1036 τοῦ
815 969 968 1036 ἐνιαυτοῦ
991 964 1126 1055 λέγοι”
1104 993 1160 1051 αν,
1187 964 1292 1036 ὁκόσα
1315 993 1353 1036 τε
1376 969 1483 1056 νοσή-

310 1101 413 1192 ματα
433 1074 548 1159 μέλλει
581 1073 747 1160 πάγκοινα
778 1069 840 1157 τὴν
869 1070 972 1138 πόλιν
998 1070 1221 1158 κατασχήσειν
1250 1061 1272 1156 ἢ
1300 1070 1432 1156 θέρεος
1462 1098 1483 1160 η

308 1201 487 1262 χειμωνος,
518 1172 624 1243 ὁκόσα
654 1199 691 1241 σε
712 1173 786 1241 ἰ’διο
808 1172 937 1260 ἑκάστῳ
960 1173 1110 1296 κίνδονρς
1132 1177 1290 1259 γίνεσθαι
1314 1172 1349 1240 έκ
1372 1198 1483 1257 μετα·

310 1282 413 1366 βολῆς
433 1302 493 1368 της
516 1278 680 1365 διαίτης(
680 1297 722 1344 an
743 1273 878 1364 δ’ρηςῖ).
916 1273 1026 1352 Etonia
1047 1274 1110 1361 γὰρ
1134 1278 1215 1342 τῶν
1237 1271 1380 1362 ὡρέων
1401 1277 1485 1355 τὰς

311 1377 550 1466 μεταβολὰς
577 1381 634 1445 καλ
662 1379 741 1443 τῶν
770 1373 937 1463 ἄστρων
964 1375 1074 1464 (τὰς)
1102 1376 1308 1456 ἐπιτολάς
1335 1382 1485 1446 τεκαὶ

312 1483 478 1565 δύσιας,
505 1479 632 1548 καθότι
661 1477 799 1546 ἕκαστον
826 1478 955 1546 τούτων
980 1485 1144 1565 γίγνεται,
1174 1479 1348 1566 προειδείη
1374 1469 1418 1546 δν
1444 1479 1481 1547 τό

312 1585 386 1662 έτος
407 1583 519 1652 ὁκοῖόν
541 1609 575 1650 τι
597 1581 712 1666 μέλλει
734 1587 923 1668 γίγνεσθαι.
943 1617 1013 1626 -
1037 1580 1079 1647 Εἰ
1102 1581 1138 1647 δέ
1161 1581 1271 1649 δοκέοι
1292 1607 1346 1660 τις
1368 1586 1482 1649 ταῦτα

310 1685 604 1772 μετεωρολόγα
620 1680 717 1764 εἶναι,
733 1721 776 1734 --
787 1683 901 1766 μάθοι
916 1674 969 1772 [ἂν
984 1681 1140 1770 exstirpo]
1157 1676 1212 1750 ότι
1226 1677 1285 1750 οὐκ
1300 1680 1481 1767 ἐλάχιστον

310 1793 411 1873 μέρος
445 1787 673 1872 συμβάλλεται
710 1779 971 1874 όστρονομίη
1010 1784 1044 1863 ές
1077 1783 1226 1874 ἰητρικὴν
1263 1779 1351 1852 ἀλλὰ
1386 1787 1480 1852 πάνυ

311 1893 482 1956 πλεῖστον.
505 1891 631 1974 Nempe
644 1909 757 1957 eensus
772 1897 937 1957 extremae
952 1889 1182 1956 enuntiationis
1196 1895 1246 1956 est
1261 1889 1330 1956 hie:
1342 1883 1482 1974 ‘quodsi
1560 1913 1561 1966 ;

312 1994 385 2077 quis
407 1992 490 2058 haee
512 1988 566 2078 [se.
589 1993 665 2056 anni
684 1998 863 2077 temporum
879 1993 978 2075 viees,
1002 1997 1090 2059 ortus
1106 2009 1305 2074 oeoasusque
1321 1987 1481 2077 siderum]
1560 2035 1561 2038 =

312 2094 356 2161 ad
384 2093 648 2175 meteorologiam
676 2095 838 2176 pertinere
865 2100 974 2178 putet,
1003 2091 1182 2176 comperiat
1203 2111 1261 2159 seu
1282 2093 1390 2160 diseat
1412 2115 1480 2160 non

311 2198 477 2263 minimam
509 2202 635 2280 partem
667 2195 711 2261 ad
743 2217 813 2262 rem
845 2196 1005 2262 medieam
1039 2195 1184 2261 conferre
1221 2187 1477 2262 astronomiam?

311 2298 411 2365 Vides
440 2297 503 2364 hoe
529 2298 601 2364 loeo
631 2297 674 2363 ab
703 2296 903 2382 Hippocrate
937 2297 1204 2380 meteorologiam
1233 2297 1331 2381 plane
1361 2317 1479 2381 parem

309 2401 388 2485 poni
410 2400 551 2466 siderum
574 2400 762 2466 annotationi
784 2401 879 2482 eique
902 2398 997 2466 huius
1020 2398 1130 2464 munia
1145 2398 1279 2482 iniungi.
1318 2397 1481 2466 Similiter

310 2502 402 2568 initio
422 2500 649 2585 disputationis
669 2495 741 2567 ‘De
763 2492 926 2568 carnibus'
946 2500 1054 2579 (vell
1076 2521 1108 2585 p.
1124 2503 1187 2564 424
1202 2499 1343 2578 Knehn.)
1368 2536 1411 2548 —
1438 2503 1480 2569 de

312 2625 376 2688 qua
391 2604 605 2672 consulendus
621 2605 783 2688 Gompern
796 2597 939 2669 ε(ιἰιίοοίι.
958 2593 1097 2669 Denker'
1124 2603 1188 2669 vol.
1204 2603 1221 2668 1
1236 2606 1345 2682 (1895)
1367 2623 1399 2688 p.
1415 2609 1481 2672 236

312 2714 344 2773 et
366 2711 429 2772 454
451 2741 493 2752 -
514 2714 680 2774 meteoron
703 2726 783 2772 voce
806 2725 858 2772 res
881 2706 1038 2772 caelestes
1061 2704 1222 2788 adpellari
1243 2713 1332 2790 puto.

397 2809 487 2876 Unus
510 2808 599 2892 qnod
621 2809 721 2875 seiam
744 2828 854 2873 eorum
878 2809 933 2890 qni
955 2814 1031 2873 ante
1053 2806 1261 2874 Aristotelem
1283 2808 1374 2874 inere
1397 2809 1478 2876 Dio·

311 2929 411 2993 genes
433 2910 659 2994 Apolloniates
684 2911 832 2976 libellum
854 2910 984 2994 seripsit
1006 2910 1058 2976 oni
1080 2908 1191 2976 titulus
1214 2910 1385 2992 impositus
1408 2919 1481 2977 erat

309 3003 681 3095 ‘Meaewpotoyta'.
720 3010 791 3090 Quo
815 3011 856 3078 de
879 3016 1015 3077 testatur
1030 3009 1216 3094 Simplioins
1239 3013 1273 3076 in
1295 3031 1413 3078 comm.
1436 3014 1481 3080 ad

311 3113 409 3179 Arist.
428 3106 557 3196 ‘Phys'
581 3133 613 3197 p.
632 3119 703 3199 151,
720 3117 761 3178 24
774 3115 829 3180 D.:
853 3111 964 3177 ἰστέον
987 3107 1033 3189 ὥς
1054 3114 1241 3196 γέγραπται
1255 3111 1317 3195 μέν
1331 3113 1479 3180 πλείονα
1559 3123 1560 3150 i

311 3215 360 3298 τῷ
392 3217 547 3299 Διογένει
580 3207 688 3300 τούτῳ
723 3213 978 3300 συγγράμματα,
1015 3210 1060 3291 ὡς
1094 3207 1195 3291 αὐτὸς
1228 3212 1262 3280 έν
1294 3218 1342 3300 τῷ
1374 3211 1478 3300 Ἥερὶ
1559 3199 1560 3242 ³

313 3307 460 3403 φόσεως’
492 3313 643 3403 ἐμνήσθη
667 3318 721 3382 καὶ
752 3314 840 3402 πρὸς
862 3315 1086 3403 φυσιολόγους
1110 3311 1338 3402 ἀντειρηκέναι
1361 3319 1477 3403 λέγων,

313 3414 370 3494 οὓς
384 3417 480 3482 καλεῖ
492 3418 548 3482 καὶ
566 3410 667 3494 αὐτὸς
683 3417 859 3505 σοφιστάς,
882 3421 939 3484 καὶ
951 3414 1010 3484 ‘M
1014 3413 1340 3504 ετεωρολογίαν’
1357 3443 1480 3506 γεγρα-

313 3517 430 3604 φέναι,
461 3515 494 3583 έν
523 3511 623 3606 ᾗκαί
648 3520 737 3603 λέγει
759 3522 838 3605 περὶ
861 3523 920 3609 της
943 3514 1044 3608 ἀρχῆς
1067 3519 1247 3608 εἰρηκέναι,
1277 3523 1334 3588 καὶ
1360 3527 1481 3605 μέντοι

312 3621 367 3684 καὶ
391 3621 471 3700 περὶ
494 3612 681 3707 ἀνθρώπου
697 3620 839 3708 φύσεως,
865 3621 898 3687 ἐν
915 3622 951 3687 δέ
965 3647 1002 3708 γε
1016 3625 1065 3708 τῷ
1085 3617 1192 3708 (Περὶ
1208 3615 1355 3708 φόσεως’
1375 3622 1394 3689 ὃ
1411 3627 1480 3690 τῶν

313 3713 416 3786 αὐτοῦ
427 3719 529 3803 μόνον
542 3720 590 3798 εἰς
602 3721 659 3806 έμέ
671 3709 767 3811 ἦλθε,
784 3729 991 3808 προτίθεται
1001 3724 1062 3808 μὲν
1075 3722 1131 3790 διὰ
1144 3725 1280 3791 πολλῶν
1293 3723 1412 3805 δεῖξαι,
1427 3719 1480 3792 ότι

313 3819 347 3888 έν
361 3827 403 3907 τῇ
418 3815 473 3888 ὑπ’
493 3816 595 3888 αὐτοῦ
609 3829 746 3912 τιθείση
763 3819 845 3912 ἀρχῇ
861 3825 933 3892 έστι
945 3825 1060 3913 νόησις
1071 3826 1221 3915 notter)
1243 3829 1479 3912 Argumentum

400 3979 426 4038 1)
445 3973 547 4028 Iniuria
559 3975 648 4030 Zeller
665 3971 817 4033 in‘llistor.
830 3977 896 4048 phil.
911 3970 1018 4033 Graee.’
1031 3977 1082 4033 vol.
1096 3980 1123 4029 1⁴
1140 3994 1167 4048 p.
1180 3981 1230 4032 236
1240 3981 1297 4033 not.
1314 3983 1325 4032 1
1341 3977 1480 4032 Schleier·

312 4058 469 4197 malcherum
491 4063 601 4114 secutus
625 4061 734 4117 deiide
758 4063 907 4118 testimonii
929 4061 1097 4133 simpliciani
1120 4063 1234 4117 dubitat.
1279 4061 1320 4117 cf.
1340 4063 1478 4132 Gompera

319 4159 341 4198 s.
367 4184 374 4198 .
393 4160 420 4212 p.
435 4148 484 4198 301
508 4147 536 4198 et
556 4149 616 4199 459.
