3134 4986
436 403 615 472 Quaestiones
632 403 839 460 Posidoniunae.
1156 406 1217 466 391

58 578 111 643 vir
134 577 272 644 eximius
294 576 357 644 ista
380 595 464 660 quae
488 576 529 643 de
545 575 674 644 Gemini
695 578 825 644 nomine
848 576 1026 662 disputavit
1041 581 1221 668 quibusque

57 680 197 747 Manitio
219 679 373 762 imposuit
394 698 458 744 non
482 679 590 746 multis
612 677 817 762 persuadeat.
856 679 906 746 Ac
927 681 1065 763 primum
1089 684 1222 768 quidem

56 801 175 866 parum
197 781 267 850 veri
288 780 395 847 simile
418 787 467 847 est
481 781 625 848 Graecos
647 799 686 847 eo
708 780 859 847 licentiae
881 802 1069 866 progressos
1092 794 1222 854 esseut

57 883 261 951 notissimum
286 901 402 950 nomen
424 883 603 949 Romanurn
627 887 715 948 tanto
739 901 838 965 opere
861 883 1078 952 deformarent
1099 897 1220 972 quanto

56 1006 161 1072 opere
188 985 224 1052 fit
253 986 280 1052 si
302 986 439 1052 formam
462 988 604 1068 Γεμῖνος
625 985 842 1052 Romanorum
864 985 1002 1054 Gemino
1023 991 1220 1075 respondere

55 1087 236 1174 putaveris.
270 1088 313 1153 nt
334 1088 362 1154 si
377 1087 522 1154 Blassius
544 1108 565 1154 a
585 1087 727 1153 librariis
743 1085 877 1154 Graecis
899 1090 1029 1156 serioris
1043 1093 1118 1158 aevi
1133 1095 1221 1172 (nam

54 1192 194 1258 forsitan
216 1190 259 1256 de
281 1188 332 1257 his
355 1190 549 1275 cogitaverit
571 1209 642 1256 oum
657 1188 744 1256 unde
760 1188 903 1255 Graecos
920 1196 1066 1272 poneret)
1080 1194 1113 1260 in
1128 1196 1220 1262 libris

53 1295 178 1362 nostris
199 1312 258 1378 pro
280 1292 417 1376 pristina
438 1291 541 1357 forma
563 1293 705 1373 Γέμινος
727 1291 810 1357 clam
833 1291 994 1358 invectam
1018 1313 1088 1362 esse
1111 1304 1226 1381 censet,

54 1400 218 1477 Γεμῖνος,
241 1392 324 1460 nihil
346 1392 497 1477 equidem
519 1413 642 1476 moror3
672 1413 747 1458 nam
769 1393 873 1460 forma
895 1397 1036 1476 Γεμῖνος
1059 1403 1165 1464 exstat
1187 1399 1221 1464 in

54 1498 268 1582 inscriptione
298 1495 438 1580 quadam
468 1494 594 1562 Graeca
622 1494 837 1563 Caesarianae
865 1497 982 1562 aetatis
1010 1498 1063 1576 (cf.
1092 1507 1220 1567 nostrae

56 1601 139 1668 diss.
154 1621 186 1684 p.
203 1601 264 1666 300
281 1596 356 1663 adn.
378 1597 422 1675 t):
449 1597 535 1664 unde
550 1596 716 1664 conficitur
732 1615 803 1662 eam
817 1617 882 1664 non
896 1598 1010 1665 iruude
1025 1601 1134 1667 nescio
1157 1621 1222 1686 qua

64 1703 265 1770 ibrariorum
293 1705 435 1767 creatam
463 1718 544 1766 esse.
588 1699 673 1765 Dein
702 1719 780 1765 sane
803 1700 1039 1782 quamfalsum
1062 1704 1221 1787 estquod

64 1807 94 1872 iu
117 1807 221 1872 forma
242 1806 383 1885 Γεμῖνος
404 1799 487 1866 nihil
502 1800 620 1868 Graeci
642 1801 749 1867 inesse
771 1802 936 1868 contendit
956 1809 1086 1886 praeter
1107 1825 1220 1872 acoen-

67 1913 139 1975 trm.
189 1907 291 1972 Immo
318 1904 414 1971 facile
444 1909 476 1970 et
502 1903 681 1970 luculenter
710 1903 922 1970 demonstrari
951 1911 1058 1988 potest
1086 1908 1221 1990 probam

70 2029 134 2078 ese
166 2009 301 2076 formam
334 2005 493 2073 Graecam
524 2012 622 2089 atque
655 2005 839 2088 perfectam.
889 2006 1017 2072 Etenim
1049 2027 1145 2092 quem
1178 2008 1222 2076 ad

68 2114 193 2180 nodum
215 2132 236 2177 a
257 2109 357 2176 verbo
381 2104 505 2184 ἀλέξ-ω
527 2107 697 2174 formatum
721 2114 771 2174 est
792 2127 908 2174 nomen
926 2111 1093 2193 proprium
1107 2107 1221 2188 Ἀλεξ-

72 2224 147 2296 ῖυς,
176 2214 218 2280 ab
241 2210 343 2312 ’ἔργω
366 2217 474 2277 autem
492 2206 668 2294 Ἐργ-ῑνος,
698 2210 775 2275 item
799 2245 838 2254 -
863 2211 935 2294 quis
956 2231 1021 2277 non
1043 2212 1158 2279 videt?
1180 2249 1221 2259 -

72 2321 208 2399 app-o
236 2315 368 2382 ductum
397 2319 447 2380 est
469 2316 637 2394 Γεμ-ῖνος.
681 2310 773 2376 Nihil
800 2312 898 2394 igitur
919 2312 1150 2395 impedimento
1173 2324 1222 2383 est

72 2435 130 2500 qur
155 2419 260 2484 minus
281 2416 410 2484 Gemini
432 2435 549 2481 nomen
571 2413 732 2480 Graecum
755 2431 826 2479 esse
848 2412 1011 2481 ducamus.
1056 2415 1126 2482 Iam
1149 2419 1222 2484 sub-

70 2528 164 2587 traco
192 2518 394 2586 validissimo
418 2537 482 2602 quo
504 2517 615 2582 nititur
636 2515 808 2582 Blassiana
830 2515 1014 2582 coniectura
1035 2517 1222 2585 fulcimento

71 2639 218 2689 concussa
239 2622 366 2688 corruit.

157 2725 298 2808 )enique
326 2723 425 2788 mirus
453 2720 585 2805 quidam
614 2719 740 2785 Manitii
769 2738 857 2785 error
886 2719 974 2785 circa
1002 2719 1223 2787 definitionem

74 2833 244 2906 tenpernm
255 2824 385 2892 Gemini
401 2823 589 2890 commissus
604 2821 830 2887 refutationem
845 2821 1019 2905 opperitur.
1054 2821 1222 2890 Confiden-

74 2927 133 2991 tius
163 2929 242 2992 enim
270 2947 365 3011 quum
394 2925 502 2990 verius
531 2924 582 2988 vir
611 2923 724 2989 doctus
747 2923 804 2987 ille
825 2923 847 2986 l.
870 2923 892 2985 l.
916 2943 948 3007 p.
973 2927 1031 2987 101
1057 2923 1139 2990 haec
1160 2927 1220 2992 ait:

71 3021 143 3092 ‘D‘e
171 3027 329 3112 bisherige
352 3024 539 3108 Annahme,
569 3023 645 3091 dass
671 3023 725 3090 die
747 3022 885 3107 Isagoge
908 3023 1069 3091 zwischen
1092 3030 1133 3092 90
1157 3029 1221 3095 und

77 3227 156 3284 ullm
173 3229 322 3299 exemplum
339 3232 446 3282 exstare
463 3226 578 3280 hominis
598 3225 694 3282 Gracci
711 3225 769 3279 sine
786 3223 895 3279 nominc
907 3224 1022 3280 Graeco.
1051 3226 1157 3296 Quippe
1175 3227 1221 3283 de·

80 3325 147 3368 mun
167 3314 332 3384 temporibus
351 3309 521 3366 Caesarianis
539 3311 663 3366 Romana
685 3326 747 3365 oum
765 3308 878 3364 Graecis
901 3309 940 3364 ita
959 3311 1093 3379 permixta
1110 3315 1175 3367 sunt
1191 3317 1223 3368 ut

81 3398 169 3453 Greci
185 3398 307 3454 Romana
323 3397 434 3450 nomina
452 3401 597 3450 sumerent.
633 3396 711 3464 Quod
729 3394 807 3461 volgo
824 3393 917 3448 iacere
935 3399 1084 3462 coeperunt
1100 3400 1133 3451 ut
1149 3398 1222 3452 vide-

80 3492 130 3538 tur
153 3483 284 3554 inperante
301 3482 465 3538 Domitiano.
502 3481 542 3535 Gi.
560 3481 589 3535 0.
602 3481 625 3534 1.
639 3484 672 3534 A.
691 3479 743 3548 vol.
755 3479 796 3532 ΙΙΙ
814 3495 856 3535 nr.
872 3483 934 3534 1091
959 3479 1006 3533 nbi
1024 3481 1123 3536 Graeci
1142 3484 1222 3539 uobis

81 3573 218 3625 occurent
234 3568 307 3623 hisce
324 3563 619 3621 nominibusRomunis
636 3564 740 3620 ornati:
759 3567 887 3635 Πρεῖμος
904 3569 932 3618 et
944 3568 1056 3636 Πρῖμος
1067 3570 1223 3638 (utrumque

81 3653 127 3708 bis
145 3651 198 3709 inc.
217 3653 312 3719 titulo),
330 3647 454 3717 Βάσσος,
473 3653 615 3715 Φαῦστος,
634 3651 753 3721 Νίγρος.
788 3648 858 3704 Vide
875 3654 903 3703 et
920 3648 984 3704 c.1.
1000 3649 1031 3705 G.
1051 3652 1091 3706 ed.
1104 3651 1222 3722 Dittbgr.

81 3737 138 3793 vol.
151 3734 165 3788 I
180 3753 204 3794 r.
218 3741 282 3792 3οΠ
306 3736 353 3790 ubi
374 3735 454 3791 nobis
477 3734 582 3790 obviam
604 3733 674 3788 fiunt
697 3737 825 3806 Πρεῖμος
846 3739 874 3788 et
898 3733 1078 3802 Μαρκιανός.
1120 3738 1223 3792 Eadem

83 3823 173 3878 ferme
185 3825 330 3894 empertute
347 3821 402 3876 fuit
417 3822 458 3876 vir
468 3822 589 3876 Graecus
606 3819 703 3874 litteris
716 3819 806 3873 clarus
819 3819 862 3872 cui
874 3818 1027 3874 Romanum
1038 3836 1136 3876 nomen
1148 3827 1221 3877 erat:

84 3903 178 3963 Rufus
189 3901 314 3983 'phesius
331 3906 451 3961 medicus
469 3903 684 3960 inlustrissimus.
712 3903 754 3958 De
772 3903 849 3958 cuius
866 3908 957 3958 aetate
974 3905 1035 3957 vide
1052 3905 1094 3960 ed.
1108 3906 1221 3961 Darem-

83 3987 164 4058 bergi
181 3991 289 4050 caueri
300 3994 390 4057 (1879)
408 4008 435 4060 p.
448 3995 473 4046 3.
504 3989 628 4044 Getarum
646 3987 733 4042 altero
751 4005 778 4057 p.
799 3988 861 4042 Ghr.
880 3989 991 4043 saeculo
1010 3989 1135 4043 Graeculi
1153 3992 1222 4046 adeo

85 4071 239 4134 insaniebat
265 4077 340 4132 circa
365 4077 474 4130 nomina
496 4073 635 4129 Romana:
662 4073 690 4127 id
717 4073 788 4142 quod
813 4073 1004 4142 inscriptiones
1027 4074 1094 4130 satis
1114 4073 1221 4130 docent

86 4160 129 4215 Gi.
149 4158 180 4214 C.
198 4155 249 4219 Id.
268 4161 310 4216 111
324 4163 399 4226 1148,
413 4163 487 4226 11³³,
505 4159 541 4214 ul.
559 4159 634 4213 mult.
