3270 4968
326 369 365 427 78
752 367 934 437 Engelbertus
950 367 1060 436 Drernp

325 564 429 624 τητας
451 547 491 606 A
513 540 564 620 (ol.
588 544 607 618 ξ
630 543 671 606 76
693 531 733 604 οῦ
757 535 820 623 γαρ
842 534 1062 623 ὠλιγώρουν);
1085 534 1165 605 οὐδὲ
1188 537 1250 616 τὰς
1269 535 1489 624 θρασύτητας

327 646 397 710 ΓΘ.
443 647 494 710 77.
527 638 614 724 ὑπὲρ
648 647 708 727 τῆς
745 640 912 727 πατρίδος
945 647 1000 708 A:
1036 635 1123 723 ὑπὲρ
1157 644 1216 727 τῆς
1249 637 1383 717 πόλεως
1416 645 1489 708 ΓΘ.

325 748 377 812 82.
400 743 490 828 πρὸς
519 742 556 810 δὲ
584 748 624 810 Λ
652 743 742 812 edit:
777 744 859 824 περὶ
890 742 927 811 δὲ
958 745 1019 810 ΓΘ
1052 741 1307 828 (recipiendum).
1352 745 1403 812 83.
1425 743 1488 822 τὰς

326 846 454 912 ἕαυτιῦν
477 851 531 912 A:
559 843 620 922 τὰς
642 840 751 912 αῦτιῦν
774 849 806 910 Γ
825 841 876 923 (οὗ
898 843 1002 927 μόνον
1028 843 1195 928 usquead
1223 843 1392 912 διέσωσαν
1422 866 1486 914 om.

329 953 512 1033 &propter
534 948 718 1026 homoeotl.
764 950 815 1014 86.
837 949 915 1029 ὑμῖν
938 953 992 1014 A:
1014 943 1093 1034 ἡμῖν
1117 948 1188 1010 ΓΘ.
1232 950 1285 1012 91.
1307 943 1427 1012 ἔπειτα
1451 948 1488 1016 δὲ

325 1052 382 1118 καὶ
404 1058 459 1118 A:
491 1050 527 1116 dt
552 1071 614 1118 om.
638 1054 669 1113 Γ
669 1052 708 1116 Θ.
753 1052 804 1116 93.
829 1050 989 1132 στρατιᾶς
1011 1051 1083 1114 ΛΓ
1102 1067 1183 1116 corr.
1208 1044 1242 1111 1b
1263 1048 1356 1118 edit:
1386 1070 1489 1133 στρα-

325 1157 419 1228 τείας
453 1157 484 1216 Γ
513 1173 560 1236 pr.
593 1155 637 1243 Θ.
677 1153 729 1218 96.
759 1155 959 1236 γιγνομένην
988 1157 1036 1228 Λ,
1069 1155 1203 1234 propter
1235 1154 1487 1236 πορθουμένην,

326 1253 518 1335 valedicere:
540 1258 723 1338 γενομένην
747 1255 817 1318 ΓΘ.

413 1358 457 1423 At
479 1357 625 1424 codicem
650 1359 680 1422 Θ
702 1357 806 1423 solum
829 1376 895 1422 non
915 1355 978 1424 nisi
1001 1355 1064 1424 boo
1084 1355 1156 1422 loco
1171 1353 1218 1420 IV
1233 1356 1274 1418 56
1288 1365 1365 1432 ταῖς
1379 1353 1489 1422 οὔτῶν

327 1454 430 1534 (αὐτῶ
456 1460 517 1538 Θα)
543 1462 588 1526 cl:
616 1467 692 1535 ταῖς
715 1456 843 1524 ἑαυτιῦν
867 1461 935 1522 ΓΛ
956 1477 1029 1524 oum
1056 1454 1197 1524 antidosi
1226 1462 1338 1524 oontm
1364 1465 1489 1527 ceteros

326 1562 427 1629 libros
450 1568 538 1630 certe
560 1582 637 1628 casu
661 1562 913 1632 consentientem
943 1560 1167 1643 comperimus,
1196 1575 1372 1644 quocum,
1401 1569 1487 1645 post·

325 1682 423 1747 quam
446 1662 575 1731 codices
600 1665 630 1727 Θ
652 1670 685 1730 et
706 1668 746 1726 A
768 1664 851 1728 inter
873 1681 908 1730 se
931 1661 1157 1742 discesserunt,
1186 1659 1488 1745 interpolationibus

324 1765 512 1848 diligentius
534 1765 728 1832 abstinuisse
749 1764 913 1848 probatur.

410 1865 564 1934 Nondum
585 1867 793 1934 tractavimus
809 1866 910 1932 verba
933 1884 975 1932 ex
997 1868 1142 1934 oratione
1164 1869 1228 1944 „ad
1243 1868 1431 1936 Nicoclem“
1453 1870 1488 1933 in

326 1967 490 2038 antidosin
512 1975 653 2051 recepta,
675 1969 754 2051 quia
774 1968 979 2034 librariorum
1002 1970 1173 2056 erroribus,
1196 1971 1312 2053 quibus
1335 1971 1487 2038 mccxc

326 2077 438 2153 scatet,
470 2070 626 2154 respectis
648 2070 803 2136 lectiones
831 2069 866 2134 in
897 2067 947 2134 Θα
975 2071 1045 2138 εοΙο
1075 2078 1223 2138 servatae
1256 2093 1321 2139 non
1348 2072 1487 2139 eandem

325 2170 447 2239 babent
468 2172 692 2239 auctoritatem
713 2178 811 2254 atque
834 2170 963 2238 codices
995 2172 1104 2236 ΘαΛα
1134 2173 1305 2242 coniuncti.
1349 2172 1419 2240 Sed
1451 2175 1485 2242 in

326 2273 388 2342 bac
410 2293 539 2358 quoque
562 2275 708 2342 oratione
729 2274 886 2342 lectiones
908 2273 1066 2342 antidosis
1088 2294 1206 2358 magna
1229 2282 1384 2360 exparte
1412 2296 1485 2342 cum

325 2379 486 2457 Fcontra
507 2381 585 2442 ΛΠ
611 2382 796 2460 consonant,
829 2377 978 2459 quamvis
1007 2378 1216 2460 congruentia
1243 2377 1325 2445 haec
1357 2379 1486 2463 saepius

324 2479 443 2546 nullius
465 2480 618 2549 momenti
640 2481 690 2548 sit.

692 2578 742 2646 Θα
763 2599 835 2646 cum
859 2583 890 2644 Γ
908 2586 1020 2648 εοεαε
1041 2585 1126 2646 ΛΠ.

410 2685 442 2750 ll
466 2687 517 2749 14.
539 2679 676 2765 ἄγνοιαν
709 2686 741 2745 Γ
744 2705 751 2748 :
788 2673 907 2746 ῦῖνοιαν
936 2686 1012 2746 ΛΠ
1039 2704 1099 2768 pn,
1137 2703 1216 2750 corr.
1250 2703 1313 2750 reo.
1346 2683 1400 2752 ΒΕ.
1433 2685 1485 2754 Bl.

327 2792 376 2852 15.
398 2791 464 2849 τῶν
495 2781 639 2850 δεόντων
671 2781 830 2867 ποιήσειν
855 2788 886 2848 Γ
889 2807 897 2849 :
931 2781 1091 2870 ποιήσειν
1131 2789 1198 2850 τῶν
1228 2782 1373 2850 δεόντων
1396 2791 1484 2854 ΛΠ.

328 2893 376 2954 16.
399 2882 642 2970 μήθ’ὖβρίζειν
664 2881 722 2950 τὸν
747 2881 843 2966 ὄχλον
868 2889 899 2950 Γ
903 2909 910 2952 :
932 2882 1018 2972 μήτε
1041 2885 1099 2950 τὸν
1123 2883 1221 2966 ὄχλον
1235 2881 1383 2970 ὑβρίζειν
1399 2892 1484 2956 ΛΠ.

324 2994 375 3058 28.
398 2988 477 3066 τοὺς
507 2985 597 3054 ἅπαν
621 2993 652 3052 Γ
656 3011 664 3054 :
691 2983 770 3065 τοῦς
798 2992 867 3051 πᾶν
889 2992 973 3054 ΛΠ.
1019 2990 1071 3056 28.
1102 2988 1413 3071 συνδοκιμάσοντας
1443 2995 1474 3055 Γ
1476 3013 1484 3058 :

325 3089 638 3173 condescenderemus
675 3096 723 3170 A,
762 3088 1069 3170 συνδοκιμάζοντας
1105 3095 1151 3158 Π.
1195 3095 1246 3158 29.
1280 3097 1406 3158 σαυτοῦ
1442 3097 1472 3156 Γ
1476 3116 1483 3158 :
1612 3159 1613 3162 ,

325 3199 468 3262 σεαυτοῦ
501 3196 585 3258 ΛΠ.
634 3196 686 3259 29.
721 3190 817 3270 ἔθιζε
853 3191 976 3256 σαυτὸν
1011 3197 1042 3256 Γ
1045 3216 1054 3260 :
1092 3191 1189 3271 ἔθιζε
1224 3191 1365 3259 σεαυτὸν
1398 3199 1483 3260 ΛΠ.
1612 3187 1613 3280 J

325 3304 376 3366 31.
400 3302 525 3362 σαυτοῦ
555 3299 586 3360 Γ
590 3319 597 3360 :
629 3300 772 3360 σεαυτοῦ
794 3298 878 3358 ΛΠ.
924 3298 974 3362 32.
998 3294 1142 3380 φαύλοις
1165 3300 1197 3360 Γ
1200 3319 1209 3362 :
1236 3305 1311 3372 τοῖς
1339 3287 1485 3381 φαῦλοις
1612 3295 1613 3321 ’

327 3404 412 3466 ΛΠ.
458 3402 508 3465 36.
532 3397 688 3480 βασιλεῖς
711 3401 742 3461 Γ
761 3396 839 3462 BS.:
860 3397 1023 3479 βασιλέας
1037 3401 1117 3462 ΛΠ
1135 3403 1208 3464 cett.
1232 3396 1308 3464 edit
1354 3402 1405 3466 36.
1429 3401 1484 3462 καὶ

283 3583 292 3597 .
325 3506 437 3583 σαυτῷ
454 3505 485 3564 Γ
490 3523 498 3566 :
522 3505 651 3582 σεαυτῷ
670 3503 754 3564 ΛΠ.
793 3499 844 3564 37.
860 3503 947 3564 πᾶσι
963 3502 995 3562 Γ
997 3521 1005 3565 :
1028 3496 1139 3564 ἅπασι
1154 3503 1237 3565 ΛΠ.
1276 3503 1327 3565 37.
1344 3496 1483 3565 ἅπασαν

324 3587 394 3681 ἅμα
417 3605 448 3665 Γ
452 3625 460 3668 :
484 3599 553 3683 ἅμα
575 3607 689 3666 πᾶσαν
713 3603 796 3665 ΛΠ.
843 3603 894 3668 37.
917 3601 1030 3687 ἔτυχες
1052 3606 1163 3684 πειρῶ
1182 3605 1214 3664 Γ
1216 3625 1225 3668 :
1254 3599 1369 3680 ἔτυχες
1391 3597 1485 3666 ἀθα-
1611 3631 1612 3634 “

324 3702 424 3768 νάτου
449 3703 486 3768 δὲ
511 3707 621 3787 ψυχῆς
644 3709 753 3785 πειρῶ
775 3706 859 3768 ΛΠ.

409 3806 516 3888 Atque
549 3825 625 3888 pars
655 3805 830 3872 lectionum
863 3825 935 3872 cum
969 3805 1102 3888 vulgata
1134 3809 1245 3874 contra
1276 3804 1423 3876 codicem
1457 3809 1488 3870 Γ

325 3907 507 3992 concordat,
530 3927 664 3990 quarum
687 3907 861 3974 nonnullae
883 3907 948 3972 iam
970 3907 1004 3972 in
1025 3913 1150 3972 textum
1171 3912 1322 3991 receptae
1344 3915 1428 3975 sunt.

654 4009 703 4073 Θα
726 4029 798 4076 cum
819 4009 953 4093 vulgata
974 4015 1085 4076 contra
1109 4012 1151 4074 F:

410 4114 443 4180 II
469 4115 517 4176 17.
540 4108 724 4198 ποιήσουσι
747 4115 830 4176 AZ:
861 4115 1020 4176 ποιοῦσιν
1050 4113 1081 4174 Γ
1099 4110 1192 4188 (Πῖ).
1239 4115 1289 4180 17.
1312 4117 1483 4195 κειμένοις
