3134 4986
305 368 369 428 380
758 365 885 434 Eduarus
901 365 1014 420 blardni

305 541 472 608 laudatum
501 527 681 625 reppererit
709 538 798 617 (vide
827 537 992 605 Susemibl
1019 531 1115 604 ‘Hist
1145 539 1205 604 litt.
1228 527 1332 604 Alex.>
1364 537 1466 605 roll

304 664 337 728 p.
353 646 416 708 571
443 642 519 708 adn.
542 644 605 707 258
634 646 667 706 et
688 638 848 706 Geffelren
873 633 977 706 ‘'l‘im.
1001 640 1120 724 Geogr.
1142 641 1201 707 des
1222 631 1332 707 West'
1359 642 1465 716 (1892)

304 766 337 830 p.
354 749 374 810 5
389 765 463 812 cnm
476 743 551 812 adn.
566 745 606 822 1).
643 742 757 825 Aeque
779 742 879 825 plana
900 763 952 808 res
975 749 1024 809 est
1045 742 1134 828 apud
1149 743 1299 808 Proclum
1320 742 1356 806 in
1377 743 1467 808 cuins

306 846 537 914 commentario
558 845 601 911 ad
617 845 707 912 Suel.
724 837 847 910 ‘Elem'
873 844 948 910 lb.l
970 843 1109 910 Heronis
1130 863 1248 909 nomen
1270 845 1374 910 semel
1396 863 1466 909 cnrn

305 947 488 1032 Porphyrio
502 945 555 1024 (cf.
570 966 603 1030 p.
621 947 692 1028 323,
710 949 745 1011 7:
762 943 795 1010 ol
810 945 891 1028 περὶ
905 935 1046 1028 Ἥρωνα
1061 946 1117 1010 καὶ
1128 940 1352 1029 Πορφύριον),
1368 947 1469 1012 semel

305 1069 378 1117 cum
393 1051 507 1135 Pappo
524 1050 576 1128 (cf.
592 1069 624 1133 p.
638 1051 711 1132 429,
729 1051 786 1113 13:
811 1046 844 1111 οἱ
859 1047 938 1126 περὶ
952 1037 1097 1131 Ἥρωνα
1115 1047 1173 1111 καὶ
1188 1044 1356 1124 Πάππον)
1372 1066 1468 1131 copu-

305 1153 407 1218 latum
435 1152 584 1235 legimus.
628 1150 790 1216 Videlicet
818 1169 902 1232 qnae
924 1149 1058 1216 Proclns
1081 1149 1151 1215 istis
1175 1149 1301 1215 duobus
1323 1149 1408 1216 locis
1429 1147 1469 1214 de

305 1254 435 1320 Herone
468 1253 582 1335 tradit,
617 1272 660 1319 err
688 1250 870 1335 Porphyrio
904 1258 960 1316 ant
992 1271 1035 1318 err
1062 1251 1176 1335 Pappo
1209 1269 1386 1317 manavere
1417 1250 1469 1327 (es

305 1357 458 1439 Tannery
477 1349 604 1422 ‘Gtom
625 1343 689 1420 (ir.²
714 1373 747 1437 p.
763 1355 826 1427 24).
863 1352 1002 1419 Lubrica
1024 1372 1102 1419 vero
1124 1371 1176 1420 res
1198 1360 1248 1418 est
1269 1358 1303 1418 et
1323 1351 1469 1436 perdiffi-

306 1459 378 1525 cilis
400 1458 458 1524 ubi
479 1456 521 1523 de
536 1456 669 1522 alterins
684 1453 887 1520 laudatorum
902 1461 1068 1522 auctorum
1083 1461 1191 1521 aetate
1205 1473 1320 1538 parum
1334 1459 1469 1521 constat

305 1558 393 1638 Quid
422 1557 510 1642 quod
538 1577 573 1624 re
604 1558 649 1624 ita
677 1563 865 1640 comparata
893 1558 1022 1623 omnino
1046 1557 1105 1622 tibi
1127 1556 1370 1639 desperandum
1391 1556 1470 1622 certi

305 1661 384 1745 qnid
414 1661 482 1727 erni
510 1679 622 1743 posse,
651 1660 714 1726 nisi
743 1659 825 1725 forte
854 1659 920 1724 alia
946 1664 1137 1741 argumenta
1157 1657 1358 1742 suppetunt?
1403 1657 1470 1723 Iam
1556 1701 1557 1710 1

306 1784 380 1830 cnm
402 1762 484 1829 duos
506 1762 580 1827 illos
595 1767 742 1828 auctores
757 1761 801 1827 ad
816 1780 898 1843 quos
912 1760 1101 1826 Alexander
1114 1767 1271 1844 provocat
1285 1760 1469 1828 considera·
1556 1783 1557 1836 1

304 1886 391 1947 mns,
421 1865 551 1932 Gemini
580 1872 727 1947 tempora
755 1863 967 1947 probabiliter
995 1861 1124 1929 definiri
1146 1869 1282 1945 possunt
1310 1862 1366 1940 (uf.
1388 1863 1470 1926 infra
1556 1853 1557 1866 ¹

305 1987 337 2051 p.
350 1969 412 2031 387
420 1966 512 2049 sqq.),
524 1974 559 2032 at
569 1967 683 2032 Aelius
698 1966 780 2048 quis,
793 1963 922 2049 quando
934 1965 1030 2030 fuerit
1044 1983 1175 2048 prorsus
1191 1965 1364 2031 obscurum
1380 1964 1470 2028 inex·

305 2070 532 2153 ploratumque
561 2073 619 2132 est.
671 2066 772 2132 Plane
801 2068 888 2132 enim
915 2065 1030 2132 futtilis
1059 2065 1179 2132 Idaleri
1206 2071 1256 2132 est
1285 2067 1469 2132 coniectura

305 2170 361 2248 (ct.
385 2171 407 2235 l.
430 2170 451 2234 l.
474 2166 638 2253 p.128**)
669 2169 725 2251 qui
746 2167 876 2233 Aelium
898 2167 1072 2249 Stilonem,
1095 2167 1136 2232 bl.
1160 2168 1293 2233 Terenti
1316 2167 1467 2234 Varronis

305 2278 560 2356 praeceptorem,
584 2269 839 2352 intellegendum
861 2289 933 2336 esse
955 2271 1114 2354 opinator.
1158 2269 1310 2352 Namque
1332 2275 1370 2334 ut
1391 2269 1465 2334 mul·

306 2383 411 2440 torum
439 2373 630 2456 scriptorum
660 2372 844 2438 testimonio
875 2379 1000 2438 constat
1022 2373 1115 2437 illum
1136 2372 1215 2437 artis
1237 2372 1466 2454 grammaticae

306 2483 339 2543 et
355 2475 582 2558 antiquitatum
596 2474 813 2540 Romanarum
829 2472 1109 2557 studiosissimum,
1133 2474 1264 2540 omnino
1278 2473 1467 2557 scriptomm

306 2577 503 2644 Graecorum
533 2583 565 2642 et
587 2575 774 2642 Latinorum
802 2576 943 2642 litterate
970 2576 1110 2660 peritum
1138 2576 1238 2642 fnisse
1265 2576 1317 2652 (ei.
1341 2573 1466 2640 Teuffel

304 2671 402 2745 ‘Hist
426 2679 486 2744 litt.
509 2669 610 2745 Rom?
643 2679 707 2743 rol.
729 2678 763 2742 Ι5
790 2679 983 2761 §148,1),
1017 2679 1064 2744 ita
1096 2679 1129 2742 in
1162 2676 1297 2743 historia
1329 2676 1465 2742 naturali

306 2799 439 2864 operam
467 2780 498 2846 ei
528 2786 690 2863 sumptam
718 2798 790 2846 esse
817 2799 913 2845 nemo
941 2779 1059 2864 prodit
1104 2777 1199 2856 Quod
1222 2797 1301 2844 vero
1322 2777 1464 2844 ldelerus

306 2880 570 2948 lindseverat:
590 2874 662 2946 “nti
685 2901 727 2946 ex
742 2881 824 2946 Plin.
844 2876 932 2946 ‘Nat
946 2877 1027 2948 hist'
1044 2881 1103 2946 IX.
1125 2883 1167 2944 25
1181 2885 1281 2964 patet,
1305 2880 1405 2946 etiam
1426 2877 1465 2944 ad

304 2984 485 3049 naturalem
508 2982 674 3050 historiam
689 2985 884 3066 pertinentia
898 2977 1124 3066 conscripsit'',
1151 2983 1268 3048 mirum
1288 2982 1323 3046 in
1336 2981 1465 3048 modurn
1555 3073 1556 3076 Ἴ

305 3084 437 3150 fallitur.
482 3084 567 3150 Nam
590 3085 726 3152 evolvas
747 3104 869 3168 quaeso
892 3085 991 3150 Plinii
1013 3085 1119 3151 locum
1147 3083 1464 3166 (1.1Χ.5.35,113).

305 3185 357 3252 111
384 3186 587 3268 legimus-
612 3207 719 3255 sermo
747 3193 797 3252 est
825 3185 868 3252 de
897 3187 1068 3254 unionibus
1096 3209 1154 3251 -ι
1179 3179 1333 3270 ‘primum
1363 3193 1465 3252 autem

306 3287 455 3371 coepisse
484 3288 571 3354 cirea
600 3285 736 3353 Sullana
767 3293 916 3372 tempora
947 3290 1088 3356 minutas
1116 3295 1149 3355 et
1175 3287 1259 3354 viles
1284 3288 1466 3354 Fenestella

306 3389 420 3454 tradit:
453 3389 623 3455 manifesto
653 3409 760 3456 errore
793 3408 877 3456 cnm
907 3390 1052 3456 Aelius
1082 3388 1189 3456 Stilo
1221 3389 1466 3472 Iugurthino

305 3490 419 3556 bello
448 3491 641 3556 unionum
669 3511 812 3557 nomen
839 3491 1077 3576 impositum
1105 3493 1280 3558 maxime
1302 3491 1467 3574 grandi-

306 3591 378 3657 bus
400 3592 640 3675 margaritis
662 3589 830 3676 prodat'
866 3592 1070 3678 Quicumque
1087 3612 1130 3660 ex
1145 3592 1296 3661 hocloco
1310 3592 1467 3660 Stilonem

306 3691 461 3760 historiae
488 3694 627 3760 naturali
654 3713 763 3760 curam
785 3697 1002 3779 impertivisse
1025 3696 1151 3779 eliciat,
1180 3696 1208 3762 is
1230 3696 1376 3780 prolecto
1394 3689 1469 3763 ‘seit

306 3793 395 3877 quod
420 3794 501 3862 Inno
529 3795 675 3860 fabulata
703 3803 753 3862 est
780 3817 853 3862 cnm
880 3789 977 3864 Iove?
1024 3798 1104 3864 blibi
1126 3797 1261 3864 Stilonis
1290 3797 1467 3882 disputatio

305 3896 414 3980 potius
435 3895 480 3961 ad
500 3903 603 3962 artem
624 3898 867 3982 grammaticam
891 3906 1038 3984 spectare
1060 3901 1199 3967 ridetur.
1237 3897 1305 3966 Sed
1319 3901 1404 3967 alius
1419 3907 1468 3966 est

306 3996 420 4064 Aelius
439 3998 531 4065 cuins
552 4000 671 4083 peritia
684 4019 791 4065 rernm
805 4001 994 4068 caelestium
1009 4002 1141 4068 summis
1155 4001 1307 4068 laudibus
1322 3999 1468 4068 effamur:

305 4098 421 4166 Aelius
452 4097 655 4185 Hadrianus,
687 4107 820 4186 patruus
853 4123 987 4186 magnus
1019 4104 1221 4186 cognominis
1252 4103 1467 4188 imperatoris.
