3170 4984
303 385 367 445 238
780 387 847 443 Otto
864 388 994 444 Boeksdr

305 561 493 627 restitutum
526 561 663 628 inseruit
696 566 794 645 atque
823 562 1042 630 Romanorum
1070 583 1092 628 a
1119 562 1264 629 Ianiculo
1297 563 1332 628 in
1360 564 1478 632 urbem

305 663 420 746 fugem
444 664 477 729 in
493 681 604 730 veram
627 682 770 746 pugnam
786 665 1008 747 commutavit,
1031 683 1073 730 ex
1097 683 1161 747 qua
1182 664 1273 730 nulla
1286 665 1353 731 alia
1375 686 1478 734 causa

305 764 498 832 riderentur
519 766 657 832 Romani
679 765 851 833 inferiores
873 765 1063 849 decessisse,
1085 767 1149 834 nisi
1171 767 1249 851 quia
1270 767 1418 835 Valerius
1444 774 1479 834 et

304 866 478 935 Lucretius
501 865 601 932 duces
624 872 715 932 tanta
736 867 876 934 audacia
897 875 1132 952 pugnaverant,
1155 876 1191 935 ut
1212 870 1381 955 permultis
1403 870 1477 936 rul-

301 971 438 1036 neribus
454 969 597 1052 acceptis
612 989 633 1033 a
648 970 716 1035 suis
732 988 750 1035 e
764 971 890 1053 proelio
905 969 1075 1036 auferendi
1091 978 1199 1038 essent
1213 971 1309 1051 (Plut
1325 971 1419 1038 Publ.
1435 973 1477 1036 16

302 1067 388 1158 [too
408 1065 542 1156 12sqq.]
565 1071 639 1137 coll.
663 1091 690 1137 c.
713 1069 784 1139 Liv.
807 1072 840 1137 ΙΙ
864 1076 914 1156 10,
931 1073 972 1151 3).

391 1173 484 1252 Quae
499 1173 665 1256 memoria,
681 1192 877 1240 cumrerum
893 1173 989 1258 copia
1003 1193 1064 1240 nec
1085 1195 1161 1258 non,
1182 1181 1218 1241 ut
1232 1173 1370 1258 videtur,
1394 1193 1476 1258 quo

303 1276 379 1342 dam
403 1274 577 1361 splendore
592 1295 633 1341 ac
653 1276 832 1342 subtilitate
846 1276 1091 1360 compositionis
1112 1282 1242 1361 praeter
1256 1282 1381 1344 ceteras
1402 1277 1476 1360 pln-

303 1385 407 1460 ceret,
435 1385 492 1446 aut
513 1378 555 1444 ab
578 1377 651 1462 ipsc
674 1377 826 1462 Dionysii
848 1383 980 1446 auctore
1001 1385 1064 1456 ¹aut
1090 1379 1134 1444 ab
1163 1399 1220 1462 eo,
1251 1379 1303 1446 cui
1331 1377 1386 1444 bic
1413 1397 1476 1444 sua

303 1481 425 1566 debuit,
450 1486 582 1564 arrepta
604 1486 663 1563 est,
680 1499 875 1564 quamquam
900 1479 956 1546 ille
978 1499 1077 1546 uuum
1099 1487 1224 1548 tuntum
1242 1500 1361 1548 annum
1385 1479 1475 1546 bello

301 1584 490 1651 Porsennae
506 1581 640 1648 daturus
656 1588 735 1648 erat.
771 1582 844 1665 Age
861 1601 938 1648 vero
960 1602 1037 1649 num
1060 1589 1094 1649 tu
1109 1589 1205 1668 putas
1227 1581 1290 1650 hoc
1312 1582 1475 1648 laetarum

303 1705 380 1752 euru
395 1685 507 1765 fuisse,
530 1684 594 1750 nisi
616 1683 713 1750 ineis
734 1682 829 1750 fastis
846 1685 1079 1768 consularibus,
1102 1705 1183 1769 quos
1206 1683 1361 1752 historiae
1380 1703 1475 1750 enar-

301 1785 427 1852 randae
462 1784 694 1852 substruendus
723 1785 786 1852 sibi
814 1793 1043 1870 proposuerat,
1073 1788 1163 1871 prior
1191 1787 1246 1853 ille
1276 1786 1474 1872 consulatus,

301 1888 427 1955 Valerii
449 1895 483 1953 et
503 1888 657 1969 Lucretii,
680 1888 811 1954 omnino
831 1887 1012 1956 defuisset?
1034 1888 1195 1972 Equidem
1217 1889 1363 1973 profecto
1386 1886 1475 1954 hunc

303 1990 516 2073 consulatum,
539 2007 636 2072 quem
651 1989 693 2054 ab
713 1989 785 2073 ipso
801 1989 960 2073 Dionysio
976 1989 1138 2057 redditum
1160 1991 1310 2076 legimus,
1333 1990 1368 2056 iu
1383 1990 1474 2056 illius

302 2092 471 2177 scriptoris
494 2091 677 2174 annalibus,
699 2111 720 2156 a
742 2110 807 2174 quo
829 2098 886 2158 aut
907 2091 978 2176 ipse
1000 2099 1058 2158 aut
1071 2099 1184 2160 auctor
1205 2093 1276 2159 eius
1296 2091 1473 2176 dependet,

299 2194 433 2260 omniuo
455 2213 521 2260 non
543 2194 707 2260 exstitisse
729 2213 919 2276 persuasum
942 2193 1058 2262 habeo.

388 2296 504 2379 Neque
526 2297 594 2361 alia
616 2294 712 2362 huius
734 2297 782 2362 rei
809 2296 930 2364 indicia
952 2297 1186 2364 desiderentur.
1223 2296 1307 2362 blira
1328 2295 1416 2362 euim
1440 2302 1475 2362 et

300 2417 409 2465 rernm
433 2405 466 2465 et
480 2398 722 2482 compositionis
745 2399 902 2465 tenuitate
925 2406 1023 2484 caput
1039 2401 1066 2464 V
1082 2403 1123 2465 20
1146 2398 1393 2483 esequeutibus
1409 2398 1474 2464 dif-

300 2501 372 2568 lert.
410 2501 495 2567 Nem
517 2499 601 2566 nihil
622 2504 771 2567 narratur
785 2501 876 2566 alind
898 2502 962 2569 uiui
979 2521 1094 2568 census
1116 2502 1281 2568 restitutus
1304 2508 1337 2568 et
1352 2500 1474 2585 Signu-

300 2606 383 2670 rium
400 2602 568 2669 castellum
591 2602 756 2685 praesidio
778 2604 947 2688 munitum,
971 2597 1013 2670 ex
1028 2605 1146 2687 quibus
1165 2604 1267 2686 illum,
1291 2603 1320 2670 si
1335 2624 1379 2669 ex
1393 2603 1472 2670 Plu-

300 2704 405 2772 tarchi
427 2705 521 2770 Publ.
540 2707 579 2768 12
602 2705 758 2786 colligere
780 2705 868 2788 licet,
892 2705 1042 2772 Valerius
1058 2705 1171 2772 Antius
1194 2705 1312 2772 ieme.
1328 2704 1472 2784 2451509

300 2807 448 2874 habitum
464 2824 546 2888 esse,
570 2804 756 2889 Signuriam
778 2812 888 2872 eutem
903 2808 1064 2874 coloniam
1079 2808 1248 2874 Porsenna
1261 2807 1384 2874 bellum
1403 2807 1472 2872 iam
1574 2881 1575 2890 ἶ

299 2910 458 2976 intercute
470 2909 511 2986 (a.
525 2907 677 2986 2461508)
687 2914 880 2992 occupatam
891 2928 964 2976 esse
979 2909 1156 2975 memoriae
1171 2907 1369 2992 prodiderat
1400 2907 1473 2975 Sed
1574 2891 1575 2919 ¹

298 3031 356 3079 cur
378 3009 556 3094 Dionysius
585 3008 640 3076 hic
668 3015 756 3076 tacet
784 3010 825 3077 de
849 3011 1027 3095 Tarquinio
1051 3009 1199 3094 Superbo
1228 3017 1302 3094 post
1323 3031 1472 3094 pugnam

298 3113 344 3182 ad
365 3114 483 3181 silvam
499 3112 628 3179 Arsiam
651 3113 770 3179 iactam
791 3112 837 3180 ad
851 3113 982 3180 Lartem
997 3113 1196 3180 Porsennam
1211 3112 1380 3196 fugiente?
1403 3111 1472 3179 Gur

299 3237 365 3284 nou
387 3215 463 3282 huic
478 3213 576 3298 capiti
592 3214 700 3298 potius
723 3213 786 3281 hoc
805 3216 951 3298 inseruit,
971 3233 1071 3298 quam
1093 3221 1129 3282 ut
1151 3214 1243 3282 initio
1266 3215 1471 3298 insequentis

300 3319 377 3386 euni
400 3335 469 3384 rem
498 3315 588 3399 prius
611 3317 677 3382 iam
698 3316 817 3384 facum
843 3316 1029 3386 subiceret?
1058 3316 1143 3384 Nam
1166 3322 1199 3382 et
1220 3315 1414 3384 Plutarchus
1436 3323 1473 3383 et
1573 3349 1574 3377 r

298 3422 412 3487 Livius
427 3417 639 3500 Tarquinium
655 3417 838 3502 Superbum
852 3440 918 3486 non
934 3439 973 3486 eo
993 3439 1088 3502 anno,
1112 3437 1176 3502 quo
1192 3437 1277 3502 quac
1292 3418 1378 3487 lacta
1393 3419 1470 3502 siat,

298 3543 372 3606 cap.
395 3521 423 3588 V
446 3524 487 3586 20
511 3520 688 3604 Dionysius
718 3522 858 3604 rettulit,
888 3523 909 3588 i.
933 3541 961 3588 e.
992 3521 1128 3588 altero
1155 3521 1279 3589 liberae
1308 3521 1357 3588 rei
1386 3521 1471 3603 pub·

298 3626 384 3692 litae
398 3623 573 3706 (246l508),
595 3622 654 3690 scd
676 3624 749 3707 ipso
772 3624 904 3707 primo
927 3644 1011 3690 anno
1028 3623 1192 3704 (stultos)
1214 3641 1326 3707 pugna
1346 3621 1391 3690 ad
1411 3622 1469 3690 sil-
1572 3693 1573 3702 ἵ

298 3748 375 3794 vem
390 3726 519 3792 Arsiam
540 3725 714 3792 commissa
728 3725 849 3793 victum
872 3725 916 3794 ad
931 3726 1130 3793 Porsennam
1152 3725 1311 3808 refugisse
1326 3722 1470 3806 tradam,

298 3829 398 3912 idque
420 3829 477 3911 ita,
499 3831 535 3894 ut
556 3826 669 3893 Livius
690 3828 857 3912 sequentis
878 3828 956 3895 anui
984 3827 1221 3912 expositionem
1249 3826 1314 3894 iam
1344 3826 1470 3908 ingres·

299 3950 354 3998 sus
378 3929 462 3996 hanc
476 3928 586 4010 lugam
606 3930 714 4012 priore
728 3949 815 3998 auno
837 3931 956 3996 tactam
978 3949 1050 3998 esse
1073 3929 1242 3998 subnectat
1263 3927 1405 4010 (mlle,
1424 3928 1468 4009 1),

299 4028 492 4098 Plutarchus
521 4031 698 4098 narrationi
726 4031 829 4117 ipsius
857 4030 955 4115 primi
981 4031 1106 4098 liberae
1133 4031 1182 4098 rei
1207 4029 1296 4113 publ.
1319 4030 1396 4096 anui
1418 4029 1467 4096 iu·

299 4140 418 4202 sertam
449 4151 520 4200 eam
548 4133 714 4217 praebeat.
762 4131 848 4211 Quin
877 4130 1070 4202 Plutarchus
1097 4133 1256 4214 referens,
1289 4151 1375 4216 quac
1405 4129 1470 4198 hoc
1571 4179 1572 4200 r
