<?xml version="1.0" encoding="UTF-8"?>
<!DOCTYPE html PUBLIC "-//W3C//DTD XHTML 1.0 Transitional//EN"
    "http://www.w3.org/TR/xhtml1/DTD/xhtml1-transitional.dtd">
<html xmlns="http://www.w3.org/1999/xhtml" xml:lang="en" lang="en">
 <head>
  <title>
</title>
<meta http-equiv="Content-Type" content="text/html;charset=utf-8" />
  <meta name='ocr-system' content='tesseract 3.04.00' />
  <meta name='ocr-capabilities' content='ocr_page ocr_carea ocr_par ocr_line ocrx_word'/>
</head>
<body>
  <div class='ocr_page' id='page_1' title='image "./leipzigerstudie00curtgoog_0095.png"; bbox 0 0 3318 4970; ppageno 0'>
   <div class='ocr_carea' id='block_1_1' title="bbox 448 391 1323 460">
    <p class='ocr_par' dir='ltr' id='par_1_1' title="bbox 448 391 1323 460">
     <span class='ocr_line' id='line_1_1' title="bbox 448 391 1323 460; baseline 0.008 -14"><span class='ocrx_word' id='word_1_1' title='bbox 448 391 490 447; x_wconf 90' lang='lat' dir='ltr'><strong>De</strong></span> <span class='ocrx_word' id='word_1_2' title='bbox 506 391 612 460; x_wconf 82' lang='lat' dir='ltr'><strong>legione</strong></span> <span class='ocrx_word' id='word_1_3' title='bbox 627 391 812 448; x_wconf 84' lang='lat' dir='ltr'><strong>Romanorum</strong></span> <span class='ocrx_word' id='word_1_4' title='bbox 829 393 852 448; x_wconf 93' lang='lat' dir='ltr'><strong>I.</strong></span> <span class='ocrx_word' id='word_1_5' title='bbox 870 391 1020 448; x_wconf 80' lang='lat' dir='ltr'><strong>Adiutrice.</strong></span> <span class='ocrx_word' id='word_1_6' title='bbox 1282 393 1323 453; x_wconf 76' lang='lat'><strong>83</strong></span> 
     </span>
    </p>
   </div>
   <div class='ocr_carea' id='block_1_2' title="bbox 121 563 1327 2484">
    <p class='ocr_par' dir='ltr' id='par_1_2' title="bbox 168 563 1325 956">
     <span class='ocr_line' id='line_1_2' title="bbox 169 563 1324 650; baseline 0.003 -19"><span class='ocrx_word' id='word_1_7' title='bbox 169 566 309 648; x_wconf 80' lang='lat' dir='ltr'>legionis</span> <span class='ocrx_word' id='word_1_8' title='bbox 340 563 501 648; x_wconf 88' lang='lat' dir='ltr'><strong>quomodo</strong></span> <span class='ocrx_word' id='word_1_9' title='bbox 530 565 563 630; x_wconf 94' lang='lat' dir='ltr'><strong>in</strong></span> <span class='ocrx_word' id='word_1_10' title='bbox 585 566 819 633; x_wconf 81' lang='lat' dir='ltr'><strong>Mauretaniam</strong></span> <span class='ocrx_word' id='word_1_11' title='bbox 847 565 1028 634; x_wconf 86' lang='lat' dir='ltr'><strong>venerunt?</strong></span> <span class='ocrx_word' id='word_1_12' title='bbox 1071 565 1166 633; x_wconf 80' lang='lat' dir='ltr'><strong>(lette</strong></span> <span class='ocrx_word' id='word_1_13' title='bbox 1194 567 1222 633; x_wconf 90' lang='lat' dir='ltr'><strong>si</strong></span> <span class='ocrx_word' id='word_1_14' title='bbox 1252 566 1324 650; x_wconf 86' lang='lat' dir='ltr'><strong>qnis</strong></span> 
     </span>
     <span class='ocr_line' id='line_1_3' title="bbox 169 667 1325 752; baseline 0.003 -20"><span class='ocrx_word' id='word_1_15' title='bbox 169 667 221 734; x_wconf 91' lang='lat' dir='ltr'><strong>his</strong></span> <span class='ocrx_word' id='word_1_16' title='bbox 243 668 345 734; x_wconf 81' lang='lat' dir='ltr'><strong>titulis</strong></span> <span class='ocrx_word' id='word_1_17' title='bbox 367 667 468 734; x_wconf 88' lang='lat' dir='ltr'><strong>fretus</strong></span> <span class='ocrx_word' id='word_1_18' title='bbox 490 668 683 734; x_wconf 88' lang='lat' dir='ltr'><strong>concluserit</strong></span> <span class='ocrx_word' id='word_1_19' title='bbox 699 669 861 752; x_wconf 76' lang='lat' dir='ltr'>legionem</span> <span class='ocrx_word' id='word_1_20' title='bbox 877 669 901 734; x_wconf 94' lang='grc' dir='ltr'><strong>Ι.</strong></span> <span class='ocrx_word' id='word_1_21' title='bbox 917 669 1117 736; x_wconf 86' lang='lat' dir='ltr'><strong>Adiutrioem</strong></span> <span class='ocrx_word' id='word_1_22' title='bbox 1140 669 1194 734; x_wconf 88' lang='lat' dir='ltr'><strong>vel</strong></span> <span class='ocrx_word' id='word_1_23' title='bbox 1216 669 1325 752; x_wconf 91' lang='lat' dir='ltr'><strong>potius</strong></span> 
     </span>
     <span class='ocr_line' id='line_1_4' title="bbox 168 769 1322 854; baseline 0.001 -19"><span class='ocrx_word' id='word_1_24' title='bbox 168 775 294 852; x_wconf 91' lang='lat' dir='ltr'><strong>partem</strong></span> <span class='ocrx_word' id='word_1_25' title='bbox 326 769 396 836; x_wconf 90' lang='grc'><strong>5155</strong></span> <span class='ocrx_word' id='word_1_26' title='bbox 424 787 484 853; x_wconf 89' lang='lat' dir='ltr'><strong>per</strong></span> <span class='ocrx_word' id='word_1_27' title='bbox 510 775 637 854; x_wconf 90' lang='lat' dir='ltr'><strong>tempus</strong></span> <span class='ocrx_word' id='word_1_28' title='bbox 659 770 859 853; x_wconf 87' lang='lat' dir='ltr'><strong>aliquantum</strong></span> <span class='ocrx_word' id='word_1_29' title='bbox 882 771 916 836; x_wconf 96' lang='lat' dir='ltr'><strong>in</strong></span> <span class='ocrx_word' id='word_1_30' title='bbox 938 770 1139 838; x_wconf 78' lang='lat' dir='ltr'><strong>Mauretania</strong></span> <span class='ocrx_word' id='word_1_31' title='bbox 1160 775 1322 837; x_wconf 85' lang='lat' dir='ltr'><strong>versatam</strong></span> 
     </span>
     <span class='ocr_line' id='line_1_5' title="bbox 169 870 1184 956; baseline -0.005 -18"><span class='ocrx_word' id='word_1_32' title='bbox 169 891 251 953; x_wconf 88' lang='grc'><strong>5555,</strong></span> <span class='ocrx_word' id='word_1_33' title='bbox 275 870 310 936; x_wconf 91' lang='lat' dir='ltr'><strong>id</strong></span> <span class='ocrx_word' id='word_1_34' title='bbox 331 890 395 936; x_wconf 94' lang='lat' dir='ltr'><strong>non</strong></span> <span class='ocrx_word' id='word_1_35' title='bbox 418 871 488 937; x_wconf 90' lang='lat' dir='ltr'><strong>sine</strong></span> <span class='ocrx_word' id='word_1_36' title='bbox 509 871 656 937; x_wconf 88' lang='lat' dir='ltr'><strong>veritatis</strong></span> <span class='ocrx_word' id='word_1_37' title='bbox 679 872 820 956; x_wconf 90' lang='lat' dir='ltr'><strong>quadam</strong></span> <span class='ocrx_word' id='word_1_38' title='bbox 843 873 952 956; x_wconf 90' lang='lat' dir='ltr'><strong>specie</strong></span> <span class='ocrx_word' id='word_1_39' title='bbox 976 871 1184 955; x_wconf 89' lang='lat' dir='ltr'><strong>contenderit.</strong></span> 
     </span>
    </p>

    <p class='ocr_par' dir='ltr' id='par_1_3' title="bbox 166 971 1327 2280">
     <span class='ocr_line' id='line_1_6' title="bbox 253 971 1327 1058; baseline -0.001 -20"><span class='ocrx_word' id='word_1_40' title='bbox 253 971 320 1038; x_wconf 89' lang='lat' dir='ltr'><strong>Sed</strong></span> <span class='ocrx_word' id='word_1_41' title='bbox 341 971 559 1040; x_wconf 86' lang='lat' dir='ltr'><strong>firmissimum</strong></span> <span class='ocrx_word' id='word_1_42' title='bbox 582 980 812 1057; x_wconf 77' lang='lat' dir='ltr'><strong>argumentum,</strong></span> <span class='ocrx_word' id='word_1_43' title='bbox 836 993 900 1058; x_wconf 90' lang='lat' dir='ltr'><strong>quo</strong></span> <span class='ocrx_word' id='word_1_44' title='bbox 922 992 959 1040; x_wconf 91' lang='lat' dir='ltr'><strong>re</strong></span> <span class='ocrx_word' id='word_1_45' title='bbox 980 994 1058 1041; x_wconf 83' lang='lat' dir='ltr'><strong>vora</strong></span> <span class='ocrx_word' id='word_1_46' title='bbox 1079 973 1327 1041; x_wconf 80' lang='lat' dir='ltr'><strong>vexillationum</strong></span> 
     </span>
     <span class='ocr_line' id='line_1_7' title="bbox 167 1073 1324 1158; baseline 0.001 -19"><span class='ocrx_word' id='word_1_47' title='bbox 167 1073 264 1140; x_wconf 88' lang='lat' dir='ltr'><strong>huius</strong></span> <span class='ocrx_word' id='word_1_48' title='bbox 292 1074 430 1156; x_wconf 83' lang='lat' dir='ltr'><strong>legionis</strong></span> <span class='ocrx_word' id='word_1_49' title='bbox 458 1075 492 1140; x_wconf 92' lang='lat' dir='ltr'><strong>in</strong></span> <span class='ocrx_word' id='word_1_50' title='bbox 515 1075 657 1142; x_wconf 85' lang='lat' dir='ltr'><strong>Africam</strong></span> <span class='ocrx_word' id='word_1_51' title='bbox 680 1077 811 1143; x_wconf 85' lang='lat' dir='ltr'><strong>missam</strong></span> <span class='ocrx_word' id='word_1_52' title='bbox 835 1095 906 1143; x_wconf 88' lang='lat' dir='ltr'><strong>esse</strong></span> <span class='ocrx_word' id='word_1_53' title='bbox 934 1075 1179 1158; x_wconf 88' lang='lat' dir='ltr'><strong>demonstratur,</strong></span> <span class='ocrx_word' id='word_1_54' title='bbox 1207 1073 1324 1140; x_wconf 85' lang='lat' dir='ltr'><strong>afferre</strong></span> 
     </span>
     <span class='ocr_line' id='line_1_8' title="bbox 166 1175 1323 1262; baseline -0.002 -19"><span class='ocrx_word' id='word_1_55' title='bbox 166 1196 347 1260; x_wconf 89' lang='lat' dir='ltr'><strong>possumus.</strong></span> <span class='ocrx_word' id='word_1_56' title='bbox 398 1175 482 1241; x_wconf 84' lang='lat' dir='ltr'><strong>Nam</strong></span> <span class='ocrx_word' id='word_1_57' title='bbox 515 1177 549 1241; x_wconf 95' lang='lat' dir='ltr'><strong>in</strong></span> <span class='ocrx_word' id='word_1_58' title='bbox 583 1177 698 1244; x_wconf 91' lang='lat' dir='ltr'><strong>eadem</strong></span> <span class='ocrx_word' id='word_1_59' title='bbox 728 1179 862 1262; x_wconf 89' lang='lat' dir='ltr'><strong>regione</strong></span> <span class='ocrx_word' id='word_1_60' title='bbox 894 1178 1130 1259; x_wconf 87' lang='lat' dir='ltr'><strong>Mauretaniae,</strong></span> <span class='ocrx_word' id='word_1_61' title='bbox 1164 1195 1247 1260; x_wconf 90' lang='lat' dir='ltr'><strong>quae</strong></span> <span class='ocrx_word' id='word_1_62' title='bbox 1279 1175 1323 1242; x_wconf 89' lang='lat' dir='ltr'><strong>ad</strong></span> 
     </span>
     <span class='ocr_line' id='line_1_9' title="bbox 167 1276 1323 1364; baseline -0.003 -20"><span class='ocrx_word' id='word_1_63' title='bbox 167 1279 403 1362; x_wconf 81' lang='lat' dir='ltr'><strong>septentriones</strong></span> <span class='ocrx_word' id='word_1_64' title='bbox 424 1281 540 1362; x_wconf 88' lang='lat' dir='ltr'><strong>vergit,</strong></span> <span class='ocrx_word' id='word_1_65' title='bbox 563 1279 596 1344; x_wconf 93' lang='lat' dir='ltr'><strong>in</strong></span> <span class='ocrx_word' id='word_1_66' title='bbox 618 1280 699 1346; x_wconf 88' lang='lat' dir='ltr'><strong>locis</strong></span> <span class='ocrx_word' id='word_1_67' title='bbox 721 1280 842 1364; x_wconf 86' lang='lat' dir='ltr'><strong>pariter</strong></span> <span class='ocrx_word' id='word_1_68' title='bbox 864 1285 962 1363; x_wconf 92' lang='lat' dir='ltr'><strong>atquc</strong></span> <span class='ocrx_word' id='word_1_69' title='bbox 985 1277 1145 1346; x_wconf 78' lang='lat' dir='ltr'><strong>Caesarea</strong></span> <span class='ocrx_word' id='word_1_70' title='bbox 1167 1276 1210 1342; x_wconf 92' lang='lat' dir='ltr'><strong>ad</strong></span> <span class='ocrx_word' id='word_1_71' title='bbox 1233 1296 1323 1342; x_wconf 88' lang='lat' dir='ltr'><strong>oram</strong></span> 
     </span>
     <span class='ocr_line' id='line_1_10' title="bbox 168 1377 1323 1466; baseline -0.002 -20"><span class='ocrx_word' id='word_1_72' title='bbox 168 1382 268 1447; x_wconf 88' lang='lat' dir='ltr'><strong>maris</strong></span> <span class='ocrx_word' id='word_1_73' title='bbox 290 1380 361 1447; x_wconf 90' lang='lat' dir='ltr'><strong>sitis</strong></span> <span class='ocrx_word' id='word_1_74' title='bbox 384 1380 481 1446; x_wconf 90' lang='lat' dir='ltr'><strong>otiam</strong></span> <span class='ocrx_word' id='word_1_75' title='bbox 497 1382 679 1464; x_wconf 76' lang='lat' dir='ltr'><strong>complures</strong></span> <span class='ocrx_word' id='word_1_76' title='bbox 694 1381 804 1448; x_wconf 89' lang='lat' dir='ltr'><strong>titulos</strong></span> <span class='ocrx_word' id='word_1_77' title='bbox 819 1382 1000 1466; x_wconf 83' lang='lat' dir='ltr'><strong>invenimus</strong></span> <span class='ocrx_word' id='word_1_78' title='bbox 1022 1380 1065 1446; x_wconf 94' lang='lat' dir='ltr'><strong>ad</strong></span> <span class='ocrx_word' id='word_1_79' title='bbox 1088 1381 1170 1446; x_wconf 87' lang='lat' dir='ltr'><strong>alias</strong></span> <span class='ocrx_word' id='word_1_80' title='bbox 1192 1377 1323 1461; x_wconf 90' lang='lat' dir='ltr'><strong>quidem</strong></span> 
     </span>
     <span class='ocr_line' id='line_1_11' title="bbox 168 1479 1323 1568; baseline -0.002 -20"><span class='ocrx_word' id='word_1_81' title='bbox 168 1485 315 1566; x_wconf 83' lang='lat' dir='ltr'><strong>legiones</strong></span> <span class='ocrx_word' id='word_1_82' title='bbox 331 1488 523 1566; x_wconf 77' lang='lat' dir='ltr'><strong>spectantes,</strong></span> <span class='ocrx_word' id='word_1_83' title='bbox 547 1485 602 1566; x_wconf 92' lang='lat' dir='ltr'><strong>qui</strong></span> <span class='ocrx_word' id='word_1_84' title='bbox 624 1484 687 1568; x_wconf 91' lang='lat' dir='ltr'><strong>ipsi</strong></span> <span class='ocrx_word' id='word_1_85' title='bbox 710 1501 836 1567; x_wconf 90' lang='lat' dir='ltr'><strong>quoque</strong></span> <span class='ocrx_word' id='word_1_86' title='bbox 852 1483 989 1548; x_wconf 88' lang='lat' dir='ltr'><strong>militurn</strong></span> <span class='ocrx_word' id='word_1_87' title='bbox 1011 1482 1158 1548; x_wconf 89' lang='lat' dir='ltr'><strong>manibus</strong></span> <span class='ocrx_word' id='word_1_88' title='bbox 1181 1479 1323 1548; x_wconf 87' lang='lat' dir='ltr'><strong>dedicati</strong></span> 
     </span>
     <span class='ocr_line' id='line_1_12' title="bbox 167 1581 1322 1668; baseline -0.003 -18"><span class='ocrx_word' id='word_1_89' title='bbox 167 1583 312 1651; x_wconf 91' lang='lat' dir='ltr'><strong>eiusdem</strong></span> <span class='ocrx_word' id='word_1_90' title='bbox 335 1584 452 1651; x_wconf 89' lang='lat' dir='ltr'><strong>aetatis</strong></span> <span class='ocrx_word' id='word_1_91' title='bbox 475 1603 547 1651; x_wconf 88' lang='lat' dir='ltr'><strong>esse</strong></span> <span class='ocrx_word' id='word_1_92' title='bbox 568 1585 727 1668; x_wconf 88' lang='lat' dir='ltr'><strong>videntur,</strong></span> <span class='ocrx_word' id='word_1_93' title='bbox 756 1591 791 1650; x_wconf 92' lang='grc'><strong>51</strong></span> <span class='ocrx_word' id='word_1_94' title='bbox 814 1584 994 1652; x_wconf 73' lang='lat' dir='ltr'><strong>cartennae</strong></span> <span class='ocrx_word' id='word_1_95' title='bbox 1022 1584 1157 1652; x_wconf 88' lang='lat' dir='ltr'><strong>duorum</strong></span> <span class='ocrx_word' id='word_1_96' title='bbox 1184 1581 1322 1648; x_wconf 90' lang='lat' dir='ltr'><strong>militum</strong></span> 
     </span>
     <span class='ocr_line' id='line_1_13' title="bbox 166 1684 1322 1771; baseline -0.003 -21"><span class='ocrx_word' id='word_1_97' title='bbox 166 1686 305 1768; x_wconf 89' lang='lat' dir='ltr'><strong>legionis</strong></span> <span class='ocrx_word' id='word_1_98' title='bbox 339 1685 363 1750; x_wconf 95' lang='grc' dir='ltr'><strong>Ι.</strong></span> <span class='ocrx_word' id='word_1_99' title='bbox 393 1685 571 1752; x_wconf 84' lang='lat' dir='ltr'><strong>Minerviae</strong></span> <span class='ocrx_word' id='word_1_100' title='bbox 605 1687 704 1764; x_wconf 81' lang='lat' dir='ltr'>(VIII.</span> <span class='ocrx_word' id='word_1_101' title='bbox 734 1689 835 1771; x_wconf 85' lang='grc'><strong>9654,</strong></span> <span class='ocrx_word' id='word_1_102' title='bbox 858 1689 970 1769; x_wconf 93' lang='grc'><strong>9662),</strong></span> <span class='ocrx_word' id='word_1_103' title='bbox 1003 1689 1152 1769; x_wconf 89' lang='lat' dir='ltr'><strong>quattuor</strong></span> <span class='ocrx_word' id='word_1_104' title='bbox 1185 1684 1322 1749; x_wconf 85' lang='lat' dir='ltr'><strong>milltum</strong></span> 
     </span>
     <span class='ocr_line' id='line_1_14' title="bbox 166 1786 1323 1872; baseline -0.003 -20"><span class='ocrx_word' id='word_1_105' title='bbox 166 1789 305 1871; x_wconf 86' lang='lat' dir='ltr'><strong>legionis</strong></span> <span class='ocrx_word' id='word_1_106' title='bbox 334 1786 441 1853; x_wconf 89' lang='lat' dir='ltr'>XXII.</span> <span class='ocrx_word' id='word_1_107' title='bbox 465 1788 681 1872; x_wconf 89' lang='lat' dir='ltr'><strong>Primigeniae</strong></span> <span class='ocrx_word' id='word_1_108' title='bbox 704 1789 803 1864; x_wconf 90' lang='lat' dir='ltr'>(VIII.</span> <span class='ocrx_word' id='word_1_109' title='bbox 826 1791 921 1872; x_wconf 87' lang='grc'><strong>9655,</strong></span> <span class='ocrx_word' id='word_1_110' title='bbox 945 1791 1040 1870; x_wconf 89' lang='grc'><strong>9656,</strong></span> <span class='ocrx_word' id='word_1_111' title='bbox 1062 1788 1158 1869; x_wconf 89' lang='grc'><strong>9658,</strong></span> <span class='ocrx_word' id='word_1_112' title='bbox 1180 1787 1276 1863; x_wconf 90' lang='grc'><strong>9659)</strong></span> <span class='ocrx_word' id='word_1_113' title='bbox 1290 1788 1323 1870; x_wconf 87' lang='lat'><strong>¹),</strong></span> 
     </span>
     <span class='ocr_line' id='line_1_15' title="bbox 166 1889 1323 1973; baseline -0.002 -19"><span class='ocrx_word' id='word_1_114' title='bbox 166 1890 279 1957; x_wconf 86' lang='lat' dir='ltr'><strong>militis</strong></span> <span class='ocrx_word' id='word_1_115' title='bbox 301 1890 440 1973; x_wconf 90' lang='lat' dir='ltr'><strong>legionis</strong></span> <span class='ocrx_word' id='word_1_116' title='bbox 462 1889 503 1954; x_wconf 95' lang='lat' dir='ltr'><strong>Il.</strong></span> <span class='ocrx_word' id='word_1_117' title='bbox 527 1891 703 1958; x_wconf 79' lang='lat' dir='ltr'><strong>Adiutricis</strong></span> <span class='ocrx_word' id='word_1_118' title='bbox 726 1891 825 1970; x_wconf 91' lang='lat' dir='ltr'>(VIII.</span> <span class='ocrx_word' id='word_1_119' title='bbox 848 1893 944 1968; x_wconf 88' lang='grc'><strong>9653)</strong></span> <span class='ocrx_word' id='word_1_120' title='bbox 967 1897 1000 1956; x_wconf 94' lang='grc'><strong>51</strong></span> <span class='ocrx_word' id='word_1_121' title='bbox 1022 1889 1216 1958; x_wconf 87' lang='lat' dir='ltr'><strong>centurionis</strong></span> <span class='ocrx_word' id='word_1_122' title='bbox 1239 1889 1323 1954; x_wconf 90' lang='lat' dir='ltr'><strong>cins-</strong></span> 
     </span>
     <span class='ocr_line' id='line_1_16' title="bbox 166 1990 1325 2078; baseline -0.002 -21"><span class='ocrx_word' id='word_1_123' title='bbox 166 1991 243 2057; x_wconf 91' lang='lat' dir='ltr'><strong>dem</strong></span> <span class='ocrx_word' id='word_1_124' title='bbox 270 1992 408 2075; x_wconf 81' lang='lat' dir='ltr'><strong>legionis</strong></span> <span class='ocrx_word' id='word_1_125' title='bbox 437 1991 537 2070; x_wconf 85' lang='lat' dir='ltr'>(VIII.</span> <span class='ocrx_word' id='word_1_126' title='bbox 560 1995 701 2076; x_wconf 67' lang='grc'><strong>966191),</strong></span> <span class='ocrx_word' id='word_1_127' title='bbox 729 2000 828 2078; x_wconf 89' lang='lat' dir='ltr'><strong>atque</strong></span> <span class='ocrx_word' id='word_1_128' title='bbox 849 1994 882 2058; x_wconf 92' lang='lat' dir='ltr'><strong>in</strong></span> <span class='ocrx_word' id='word_1_129' title='bbox 912 1992 1044 2078; x_wconf 93' lang='lat' dir='ltr'><strong>oppido,</strong></span> <span class='ocrx_word' id='word_1_130' title='bbox 1074 1990 1161 2074; x_wconf 91' lang='lat' dir='ltr'><strong>quod</strong></span> <span class='ocrx_word' id='word_1_131' title='bbox 1190 1993 1325 2056; x_wconf 83' lang='lat' dir='ltr'><strong>vocatur</strong></span> 
     </span>
     <span class='ocr_line' id='line_1_17' title="bbox 166 2091 1324 2178; baseline -0.001 -20"><span class='ocrx_word' id='word_1_132' title='bbox 166 2093 283 2161; x_wconf 88' lang='lat' dir='ltr'><strong>Portus</strong></span> <span class='ocrx_word' id='word_1_133' title='bbox 311 2113 462 2178; x_wconf 87' lang='lat' dir='ltr'><strong>magnus,</strong></span> <span class='ocrx_word' id='word_1_134' title='bbox 491 2095 603 2160; x_wconf 91' lang='lat' dir='ltr'><strong>militis</strong></span> <span class='ocrx_word' id='word_1_135' title='bbox 632 2095 770 2178; x_wconf 88' lang='lat' dir='ltr'><strong>legionis</strong></span> <span class='ocrx_word' id='word_1_136' title='bbox 799 2095 854 2160; x_wconf 91' lang='lat' dir='ltr'><strong>IV.</strong></span> <span class='ocrx_word' id='word_1_137' title='bbox 877 2095 1012 2160; x_wconf 81' lang='lat' dir='ltr'><strong>Flaviae</strong></span> <span class='ocrx_word' id='word_1_138' title='bbox 1041 2091 1139 2171; x_wconf 88' lang='lat' dir='ltr'>(VIII.</span> <span class='ocrx_word' id='word_1_139' title='bbox 1163 2093 1260 2169; x_wconf 86' lang='grc'><strong>9762)</strong></span> <span class='ocrx_word' id='word_1_140' title='bbox 1291 2097 1324 2157; x_wconf 90' lang='grc'><strong>51</strong></span> 
     </span>
     <span class='ocr_line' id='line_1_18' title="bbox 167 2195 983 2280; baseline 0 -20"><span class='ocrx_word' id='word_1_141' title='bbox 167 2197 280 2263; x_wconf 90' lang='lat' dir='ltr'><strong>militis</strong></span> <span class='ocrx_word' id='word_1_142' title='bbox 303 2197 441 2280; x_wconf 88' lang='lat' dir='ltr'><strong>legionis</strong></span> <span class='ocrx_word' id='word_1_143' title='bbox 463 2195 521 2262; x_wconf 92' lang='lat' dir='ltr'><strong>Xl.</strong></span> <span class='ocrx_word' id='word_1_144' title='bbox 544 2195 701 2263; x_wconf 75' lang='lat' dir='ltr'><strong>Claudiae</strong></span> <span class='ocrx_word' id='word_1_145' title='bbox 724 2195 823 2280; x_wconf 89' lang='lat' dir='ltr'>(VIII.</span> <span class='ocrx_word' id='word_1_146' title='bbox 846 2198 983 2276; x_wconf 69' lang='lat' dir='ltr'><strong>illuit-i)</strong></span> 
     </span>
    </p>

    <p class='ocr_par' dir='ltr' id='par_1_4' title="bbox 121 2294 1323 2484">
     <span class='ocr_line' id='line_1_19' title="bbox 252 2294 1322 2382; baseline -0.005 -18"><span class='ocrx_word' id='word_1_147' title='bbox 252 2298 361 2364; x_wconf 91' lang='lat' dir='ltr'><strong>Primo</strong></span> <span class='ocrx_word' id='word_1_148' title='bbox 391 2298 503 2364; x_wconf 88' lang='lat' dir='ltr'><strong>obtutu</strong></span> <span class='ocrx_word' id='word_1_149' title='bbox 533 2300 735 2382; x_wconf 89' lang='lat' dir='ltr'><strong>cognoscitur</strong></span> <span class='ocrx_word' id='word_1_150' title='bbox 762 2300 836 2366; x_wconf 90' lang='lat' dir='ltr'><strong>illos</strong></span> <span class='ocrx_word' id='word_1_151' title='bbox 864 2299 984 2365; x_wconf 86' lang='lat' dir='ltr'><strong>milites</strong></span> <span class='ocrx_word' id='word_1_152' title='bbox 1018 2315 1128 2363; x_wconf 90' lang='lat' dir='ltr'><strong>earum</strong></span> <span class='ocrx_word' id='word_1_153' title='bbox 1158 2294 1322 2378; x_wconf 87' lang='lat' dir='ltr'><strong>legionum</strong></span> 
     </span>
     <span class='ocr_line' id='line_1_20' title="bbox 121 2397 1323 2484; baseline -0.002 -20"><span class='ocrx_word' id='word_1_154' title='bbox 121 2411 130 2440; x_wconf 64' lang='lat'>⁸</span> <span class='ocrx_word' id='word_1_155' title='bbox 167 2400 279 2483; x_wconf 81' lang='lat' dir='ltr'><strong>fnisse,</strong></span> <span class='ocrx_word' id='word_1_156' title='bbox 304 2419 387 2484; x_wconf 90' lang='lat' dir='ltr'><strong>quae</strong></span> <span class='ocrx_word' id='word_1_157' title='bbox 410 2419 469 2482; x_wconf 87' lang='lat' dir='ltr'><strong>per</strong></span> <span class='ocrx_word' id='word_1_158' title='bbox 491 2401 621 2466; x_wconf 91' lang='grc'><strong>5555515</strong></span> <span class='ocrx_word' id='word_1_159' title='bbox 642 2401 685 2467; x_wconf 91' lang='lat' dir='ltr'><strong>ad</strong></span> <span class='ocrx_word' id='word_1_160' title='bbox 700 2400 848 2466; x_wconf 87' lang='lat' dir='ltr'><strong>Rhenum</strong></span> <span class='ocrx_word' id='word_1_161' title='bbox 867 2407 923 2466; x_wconf 91' lang='grc'><strong>551</strong></span> <span class='ocrx_word' id='word_1_162' title='bbox 938 2398 1121 2464; x_wconf 89' lang='lat' dir='ltr'><strong>Danuvium</strong></span> <span class='ocrx_word' id='word_1_163' title='bbox 1144 2397 1323 2462; x_wconf 88' lang='lat' dir='ltr'><strong>collocatae</strong></span> 
     </span>
    </p>
   </div>
   <div class='ocr_carea' id='block_1_3' title="bbox 168 2497 1327 2772">
    <p class='ocr_par' dir='ltr' id='par_1_5' title="bbox 168 2497 1327 2772">
     <span class='ocr_line' id='line_1_21' title="bbox 169 2497 1321 2586; baseline -0.003 -19"><span class='ocrx_word' id='word_1_164' title='bbox 169 2508 270 2568; x_wconf 86' lang='lat' dir='ltr'><strong>erant.</strong></span> <span class='ocrx_word' id='word_1_165' title='bbox 314 2501 420 2569; x_wconf 90' lang='lat' dir='ltr'><strong>Urbes</strong></span> <span class='ocrx_word' id='word_1_166' title='bbox 443 2507 560 2586; x_wconf 90' lang='lat' dir='ltr'><strong>autem,</strong></span> <span class='ocrx_word' id='word_1_167' title='bbox 590 2501 646 2568; x_wconf 91' lang='lat' dir='ltr'><strong>ubi</strong></span> <span class='ocrx_word' id='word_1_168' title='bbox 674 2503 762 2586; x_wconf 91' lang='lat' dir='ltr'><strong>cippi</strong></span> <span class='ocrx_word' id='word_1_169' title='bbox 785 2502 981 2584; x_wconf 89' lang='lat' dir='ltr'><strong>sepulcrales</strong></span> <span class='ocrx_word' id='word_1_170' title='bbox 1005 2499 1114 2565; x_wconf 88' lang='grc'><strong>5115551</strong></span> <span class='ocrx_word' id='word_1_171' title='bbox 1136 2504 1218 2581; x_wconf 90' lang='grc'><strong>5551,</strong></span> <span class='ocrx_word' id='word_1_172' title='bbox 1242 2497 1321 2565; x_wconf 83' lang='grc'><strong>(155-</strong></span> 
     </span>
     <span class='ocr_line' id='line_1_22' title="bbox 168 2601 1327 2689; baseline -0.002 -21"><span class='ocrx_word' id='word_1_173' title='bbox 168 2622 271 2686; x_wconf 89' lang='lat' dir='ltr'><strong>sarea,</strong></span> <span class='ocrx_word' id='word_1_174' title='bbox 304 2603 473 2688; x_wconf 76' lang='lat' dir='ltr'><strong>Cartenna,</strong></span> <span class='ocrx_word' id='word_1_175' title='bbox 501 2605 618 2670; x_wconf 88' lang='lat' dir='ltr'><strong>Portus</strong></span> <span class='ocrx_word' id='word_1_176' title='bbox 638 2623 790 2689; x_wconf 87' lang='lat' dir='ltr'><strong>magnus,</strong></span> <span class='ocrx_word' id='word_1_177' title='bbox 821 2623 931 2670; x_wconf 90' lang='lat' dir='ltr'><strong>omnes</strong></span> <span class='ocrx_word' id='word_1_178' title='bbox 960 2621 1024 2668; x_wconf 95' lang='lat' dir='ltr'><strong>non</strong></span> <span class='ocrx_word' id='word_1_179' title='bbox 1051 2601 1148 2683; x_wconf 88' lang='lat' dir='ltr'><strong>longe</strong></span> <span class='ocrx_word' id='word_1_180' title='bbox 1175 2601 1259 2667; x_wconf 90' lang='lat' dir='ltr'><strong>iuter</strong></span> <span class='ocrx_word' id='word_1_181' title='bbox 1287 2617 1327 2666; x_wconf 88' lang='lat' dir='ltr'><strong>se</strong></span> 
     </span>
     <span class='ocr_line' id='line_1_23' title="bbox 169 2703 1205 2772; baseline -0.003 -2"><span class='ocrx_word' id='word_1_182' title='bbox 169 2704 326 2772; x_wconf 88' lang='lat' dir='ltr'><strong>distantes</strong></span> <span class='ocrx_word' id='word_1_183' title='bbox 349 2707 381 2771; x_wconf 92' lang='lat' dir='ltr'><strong>in</strong></span> <span class='ocrx_word' id='word_1_184' title='bbox 404 2704 605 2772; x_wconf 90' lang='lat' dir='ltr'><strong>Mauretania</strong></span> <span class='ocrx_word' id='word_1_185' title='bbox 625 2704 668 2771; x_wconf 88' lang='lat' dir='ltr'><strong>ad</strong></span> <span class='ocrx_word' id='word_1_186' title='bbox 692 2725 780 2772; x_wconf 91' lang='lat' dir='ltr'><strong>oram</strong></span> <span class='ocrx_word' id='word_1_187' title='bbox 802 2703 996 2771; x_wconf 91' lang='lat' dir='ltr'><strong>maritimam</strong></span> <span class='ocrx_word' id='word_1_188' title='bbox 1019 2703 1101 2770; x_wconf 90' lang='lat' dir='ltr'><strong>sitae</strong></span> <span class='ocrx_word' id='word_1_189' title='bbox 1123 2709 1205 2770; x_wconf 91' lang='lat' dir='ltr'><strong>sunt.</strong></span> 
     </span>
    </p>
   </div>
   <div class='ocr_carea' id='block_1_4' title="bbox 147 2867 1329 4286">
    <p class='ocr_par' dir='ltr' id='par_1_6' title="bbox 167 2867 1323 3284">
     <span class='ocr_line' id='line_1_24' title="bbox 169 2867 1322 2942; baseline -0.003 -17"><span class='ocrx_word' id='word_1_190' title='bbox 169 2873 289 2942; x_wconf 89' lang='lat' dir='ltr'><strong>quinque</strong></span> <span class='ocrx_word' id='word_1_191' title='bbox 302 2888 387 2928; x_wconf 88' lang='lat' dir='ltr'><strong>annos</strong></span> <span class='ocrx_word' id='word_1_192' title='bbox 397 2873 497 2929; x_wconf 85' lang='lat' dir='ltr'><strong>vixisse</strong></span> <span class='ocrx_word' id='word_1_193' title='bbox 509 2877 537 2928; x_wconf 91' lang='grc'><strong>51</strong></span> <span class='ocrx_word' id='word_1_194' title='bbox 549 2873 640 2928; x_wconf 88' lang='lat' dir='ltr'><strong>decem</strong></span> <span class='ocrx_word' id='word_1_195' title='bbox 652 2875 758 2926; x_wconf 87' lang='lat' dir='ltr'><strong>tantum</strong></span> <span class='ocrx_word' id='word_1_196' title='bbox 774 2872 906 2926; x_wconf 87' lang='lat' dir='ltr'><strong>militasse</strong></span> <span class='ocrx_word' id='word_1_197' title='bbox 923 2870 952 2924; x_wconf 93' lang='lat' dir='ltr'><strong>in</strong></span> <span class='ocrx_word' id='word_1_198' title='bbox 970 2870 1060 2939; x_wconf 88' lang='lat' dir='ltr'><strong>lapide</strong></span> <span class='ocrx_word' id='word_1_199' title='bbox 1077 2871 1247 2937; x_wconf 88' lang='lat' dir='ltr'><strong>enuntietur;</strong></span> <span class='ocrx_word' id='word_1_200' title='bbox 1265 2867 1322 2924; x_wconf 84' lang='lat' dir='ltr'><strong>ior·</strong></span> 
     </span>
     <span class='ocr_line' id='line_1_25' title="bbox 168 2952 1322 3028; baseline -0.001 -17"><span class='ocrx_word' id='word_1_201' title='bbox 168 2963 244 3012; x_wconf 88' lang='lat' dir='ltr'><strong>tasse</strong></span> <span class='ocrx_word' id='word_1_202' title='bbox 256 2957 382 3027; x_wconf 87' lang='lat' dir='ltr'><strong>lapidarii</strong></span> <span class='ocrx_word' id='word_1_203' title='bbox 395 2959 476 3028; x_wconf 92' lang='lat' dir='ltr'><strong>culpa</strong></span> <span class='ocrx_word' id='word_1_204' title='bbox 486 2959 515 3014; x_wconf 95' lang='lat' dir='ltr'><strong>in</strong></span> <span class='ocrx_word' id='word_1_205' title='bbox 532 2974 612 3014; x_wconf 85' lang='lat' dir='ltr'><strong>versu</strong></span> <span class='ocrx_word' id='word_1_206' title='bbox 630 2963 726 3028; x_wconf 90' lang='lat' dir='ltr'><strong>quarto</strong></span> <span class='ocrx_word' id='word_1_207' title='bbox 744 2956 818 3012; x_wconf 91' lang='lat' dir='ltr'><strong>tituli</strong></span> <span class='ocrx_word' id='word_1_208' title='bbox 834 2971 962 3011; x_wconf 90' lang='lat' dir='ltr'><strong>numerus</strong></span> <span class='ocrx_word' id='word_1_209' title='bbox 972 2955 1008 3012; x_wconf 91' lang='lat' dir='ltr'><strong>X.</strong></span> <span class='ocrx_word' id='word_1_210' title='bbox 1021 2971 1071 3025; x_wconf 93' lang='lat' dir='ltr'><strong>pro</strong></span> <span class='ocrx_word' id='word_1_211' title='bbox 1090 2953 1250 3024; x_wconf 92' lang='lat' dir='ltr'><strong>compendio</strong></span> <span class='ocrx_word' id='word_1_212' title='bbox 1262 2952 1322 3010; x_wconf 88' lang='lat' dir='ltr'><strong>XX.</strong></span> 
     </span>
     <span class='ocr_line' id='line_1_26' title="bbox 167 3037 1323 3112; baseline -0.003 -17"><span class='ocrx_word' id='word_1_213' title='bbox 167 3043 321 3112; x_wconf 88' lang='lat' dir='ltr'><strong>insculptus</strong></span> <span class='ocrx_word' id='word_1_214' title='bbox 345 3048 396 3099; x_wconf 91' lang='lat' dir='ltr'><strong>est.</strong></span> <span class='ocrx_word' id='word_1_215' title='bbox 433 3043 602 3112; x_wconf 76' lang='lat' dir='ltr'><strong>Quocunque</strong></span> <span class='ocrx_word' id='word_1_216' title='bbox 624 3041 703 3097; x_wconf 89' lang='lat' dir='ltr'><strong>modo</strong></span> <span class='ocrx_word' id='word_1_217' title='bbox 722 3057 765 3097; x_wconf 88' lang='lat' dir='ltr'><strong>res</strong></span> <span class='ocrx_word' id='word_1_218' title='bbox 784 3041 922 3108; x_wconf 90' lang='lat' dir='ltr'><strong>sehabet,</strong></span> <span class='ocrx_word' id='word_1_219' title='bbox 947 3041 1072 3110; x_wconf 87' lang='lat' dir='ltr'><strong>equidem</strong></span> <span class='ocrx_word' id='word_1_220' title='bbox 1089 3039 1188 3094; x_wconf 91' lang='lat' dir='ltr'><strong>Iulium</strong></span> <span class='ocrx_word' id='word_1_221' title='bbox 1205 3037 1323 3093; x_wconf 80' lang='lat' dir='ltr'><strong>Felicem</strong></span> 
     </span>
     <span class='ocr_line' id='line_1_27' title="bbox 167 3121 1322 3196; baseline -0.003 -14"><span class='ocrx_word' id='word_1_222' title='bbox 167 3128 259 3196; x_wconf 90' lang='lat' dir='ltr'><strong>potius</strong></span> <span class='ocrx_word' id='word_1_223' title='bbox 277 3133 433 3184; x_wconf 84' lang='lat' dir='ltr'><strong>veteranum</strong></span> <span class='ocrx_word' id='word_1_224' title='bbox 451 3130 542 3196; x_wconf 89' lang='lat' dir='ltr'><strong>(quam</strong></span> <span class='ocrx_word' id='word_1_225' title='bbox 559 3126 678 3192; x_wconf 88' lang='lat' dir='ltr'><strong>militem)</strong></span> <span class='ocrx_word' id='word_1_226' title='bbox 697 3142 758 3182; x_wconf 79' lang='lat' dir='ltr'><strong>esre</strong></span> <span class='ocrx_word' id='word_1_227' title='bbox 776 3127 931 3182; x_wconf 85' lang='lat' dir='ltr'><strong>habendum</strong></span> <span class='ocrx_word' id='word_1_228' title='bbox 955 3127 1088 3194; x_wconf 85' lang='lat' dir='ltr'><strong>existimo,</strong></span> <span class='ocrx_word' id='word_1_229' title='bbox 1112 3124 1159 3194; x_wconf 91' lang='lat' dir='ltr'><strong>qui</strong></span> <span class='ocrx_word' id='word_1_230' title='bbox 1182 3121 1322 3192; x_wconf 84' lang='lat' dir='ltr'><strong>stipendiis</strong></span> 
     </span>
     <span class='ocr_line' id='line_1_28' title="bbox 170 3207 1321 3284; baseline -0.003 -18"><span class='ocrx_word' id='word_1_231' title='bbox 170 3213 304 3270; x_wconf 87' lang='lat' dir='ltr'><strong>absolutis</strong></span> <span class='ocrx_word' id='word_1_232' title='bbox 322 3229 421 3268; x_wconf 85' lang='lat' dir='ltr'><strong>munus</strong></span> <span class='ocrx_word' id='word_1_233' title='bbox 438 3211 557 3268; x_wconf 83' lang='lat' dir='ltr'><strong>fortasse</strong></span> <span class='ocrx_word' id='word_1_234' title='bbox 574 3211 707 3268; x_wconf 80' lang='lat' dir='ltr'><strong>adiutoria</strong></span> <span class='ocrx_word' id='word_1_235' title='bbox 725 3213 754 3268; x_wconf 93' lang='lat' dir='ltr'><strong>in</strong></span> <span class='ocrx_word' id='word_1_236' title='bbox 772 3213 908 3268; x_wconf 89' lang='lat' dir='ltr'><strong>tabulario</strong></span> <span class='ocrx_word' id='word_1_237' title='bbox 925 3211 1082 3284; x_wconf 85' lang='lat' dir='ltr'><strong>provinciae</strong></span> <span class='ocrx_word' id='word_1_238' title='bbox 1106 3207 1321 3264; x_wconf 68' lang='lat' dir='ltr'><strong>administrabat.</strong></span> 
     </span>
    </p>

    <p class='ocr_par' dir='ltr' id='par_1_7' title="bbox 256 3291 1322 3367">
     <span class='ocr_line' id='line_1_29' title="bbox 256 3291 1322 3367; baseline -0.007 -15"><span class='ocrx_word' id='word_1_239' title='bbox 256 3303 282 3364; x_wconf 92' lang='grc'><strong>1)</strong></span> <span class='ocrx_word' id='word_1_240' title='bbox 300 3299 386 3354; x_wconf 87' lang='lat' dir='ltr'><strong>Tituli</strong></span> <span class='ocrx_word' id='word_1_241' title='bbox 394 3298 470 3354; x_wconf 87' lang='lat' dir='ltr'>VIII.</span> <span class='ocrx_word' id='word_1_242' title='bbox 482 3300 548 3352; x_wconf 85' lang='grc'><strong>9658</strong></span> <span class='ocrx_word' id='word_1_243' title='bbox 561 3299 589 3353; x_wconf 88' lang='grc'><strong>51</strong></span> <span class='ocrx_word' id='word_1_244' title='bbox 601 3301 668 3352; x_wconf 90' lang='grc'><strong>9659</strong></span> <span class='ocrx_word' id='word_1_245' title='bbox 680 3297 815 3367; x_wconf 87' lang='lat' dir='ltr'><strong>praebent</strong></span> <span class='ocrx_word' id='word_1_246' title='bbox 826 3297 896 3352; x_wconf 90' lang='lat' dir='ltr'><strong>idem</strong></span> <span class='ocrx_word' id='word_1_247' title='bbox 909 3312 1007 3352; x_wconf 92' lang='lat' dir='ltr'><strong>nomen</strong></span> <span class='ocrx_word' id='word_1_248' title='bbox 1017 3295 1046 3349; x_wconf 84' lang='lat' dir='ltr'><strong>G.</strong></span> <span class='ocrx_word' id='word_1_249' title='bbox 1056 3295 1118 3350; x_wconf 92' lang='lat' dir='ltr'><strong>Iulii</strong></span> <span class='ocrx_word' id='word_1_250' title='bbox 1126 3292 1210 3347; x_wconf 88' lang='lat' dir='ltr'><strong>Primi</strong></span> <span class='ocrx_word' id='word_1_251' title='bbox 1221 3291 1322 3346; x_wconf 88' lang='lat' dir='ltr'><strong>militis.</strong></span> 
     </span>
    </p>

    <p class='ocr_par' dir='ltr' id='par_1_8' title="bbox 147 3376 1329 3792">
     <span class='ocr_line' id='line_1_30' title="bbox 147 3376 1323 3450; baseline -0.008 -11"><span class='ocrx_word' id='word_1_252' title='bbox 147 3391 153 3403; x_wconf 87' lang='grc'><strong>’</strong></span> <span class='ocrx_word' id='word_1_253' title='bbox 255 3389 282 3450; x_wconf 85' lang='grc'><strong>2)</strong></span> <span class='ocrx_word' id='word_1_254' title='bbox 304 3383 353 3440; x_wconf 88' lang='grc' dir='ltr'><strong>Η15</strong></span> <span class='ocrx_word' id='word_1_255' title='bbox 379 3385 409 3439; x_wconf 90' lang='grc'><strong>15</strong></span> <span class='ocrx_word' id='word_1_256' title='bbox 438 3383 525 3438; x_wconf 88' lang='grc'><strong>1115115</strong></span> <span class='ocrx_word' id='word_1_257' title='bbox 553 3382 666 3450; x_wconf 85' lang='lat' dir='ltr'><strong>legionis</strong></span> <span class='ocrx_word' id='word_1_258' title='bbox 688 3383 725 3437; x_wconf 91' lang='lat' dir='ltr'><strong>II.</strong></span> <span class='ocrx_word' id='word_1_259' title='bbox 743 3381 892 3436; x_wconf 87' lang='lat' dir='ltr'><strong>Adiutricis</strong></span> <span class='ocrx_word' id='word_1_260' title='bbox 915 3381 1030 3436; x_wconf 88' lang='lat' dir='ltr'><strong>multum</strong></span> <span class='ocrx_word' id='word_1_261' title='bbox 1059 3381 1183 3443; x_wconf 85' lang='lat' dir='ltr'><strong>Interest,</strong></span> <span class='ocrx_word' id='word_1_262' title='bbox 1209 3376 1323 3431; x_wconf 92' lang='lat' dir='ltr'><strong>eundem</strong></span> 
     </span>
     <span class='ocr_line' id='line_1_31' title="bbox 169 3461 1323 3537; baseline -0.007 -14"><span class='ocrx_word' id='word_1_263' title='bbox 169 3469 270 3524; x_wconf 91' lang='lat' dir='ltr'><strong>Inlinm</strong></span> <span class='ocrx_word' id='word_1_264' title='bbox 288 3468 454 3537; x_wconf 77' lang='lat' dir='ltr'><strong>Quirinalem</strong></span> <span class='ocrx_word' id='word_1_265' title='bbox 472 3467 665 3532; x_wconf 87' lang='lat' dir='ltr'><strong>centurionem,</strong></span> <span class='ocrx_word' id='word_1_266' title='bbox 684 3468 730 3536; x_wconf 93' lang='lat' dir='ltr'><strong>qui</strong></span> <span class='ocrx_word' id='word_1_267' title='bbox 742 3467 775 3522; x_wconf 91' lang='lat' dir='ltr'><strong>T.</strong></span> <span class='ocrx_word' id='word_1_268' title='bbox 789 3467 921 3522; x_wconf 82' lang='lat' dir='ltr'><strong>Caesonio</strong></span> <span class='ocrx_word' id='word_1_269' title='bbox 939 3466 1069 3531; x_wconf 79' lang='lat' dir='ltr'><strong>quenali,</strong></span> <span class='ocrx_word' id='word_1_270' title='bbox 1087 3462 1166 3518; x_wconf 89' lang='lat' dir='ltr'><strong>militi</strong></span> <span class='ocrx_word' id='word_1_271' title='bbox 1185 3461 1323 3517; x_wconf 86' lang='lat' dir='ltr'><strong>centuriae</strong></span> 
     </span>
     <span class='ocr_line' id='line_1_32' title="bbox 168 3547 1329 3622; baseline -0.007 -12"><span class='ocrx_word' id='word_1_272' title='bbox 168 3569 248 3621; x_wconf 89' lang='lat' dir='ltr'><strong>snae,</strong></span> <span class='ocrx_word' id='word_1_273' title='bbox 271 3558 476 3608; x_wconf 85' lang='lat' dir='ltr'><strong>monumentum</strong></span> <span class='ocrx_word' id='word_1_274' title='bbox 498 3551 618 3608; x_wconf 82' lang='lat' dir='ltr'><strong>exaravit</strong></span> <span class='ocrx_word' id='word_1_275' title='bbox 634 3552 720 3613; x_wconf 83' lang='lat' dir='ltr'>(VIM.</span> <span class='ocrx_word' id='word_1_276' title='bbox 738 3555 825 3620; x_wconf 87' lang='grc'><strong>9653),</strong></span> <span class='ocrx_word' id='word_1_277' title='bbox 847 3551 937 3621; x_wconf 88' lang='lat' dir='ltr'><strong>ipsum</strong></span> <span class='ocrx_word' id='word_1_278' title='bbox 956 3565 1062 3622; x_wconf 91' lang='lat' dir='ltr'><strong>quoqne</strong></span> <span class='ocrx_word' id='word_1_279' title='bbox 1082 3549 1234 3604; x_wconf 83' lang='lat' dir='ltr'><strong>Cartennas</strong></span> <span class='ocrx_word' id='word_1_280' title='bbox 1252 3547 1329 3602; x_wconf 60' lang='lat' dir='ltr'><strong>diem*</strong></span> 
     </span>
     <span class='ocr_line' id='line_1_33' title="bbox 167 3632 1323 3708; baseline -0.006 -14"><span class='ocrx_word' id='word_1_281' title='bbox 167 3653 323 3708; x_wconf 88' lang='lat' dir='ltr'><strong>supremum</strong></span> <span class='ocrx_word' id='word_1_282' title='bbox 336 3637 434 3706; x_wconf 86' lang='lat' dir='ltr'><strong>obiise;</strong></span> <span class='ocrx_word' id='word_1_283' title='bbox 453 3638 525 3692; x_wconf 92' lang='lat' dir='ltr'><strong>unde</strong></span> <span class='ocrx_word' id='word_1_284' title='bbox 541 3637 673 3707; x_wconf 89' lang='lat' dir='ltr'><strong>sequitur,</strong></span> <span class='ocrx_word' id='word_1_285' title='bbox 691 3641 722 3692; x_wconf 91' lang='lat' dir='ltr'><strong>ut</strong></span> <span class='ocrx_word' id='word_1_286' title='bbox 738 3636 807 3704; x_wconf 92' lang='lat' dir='ltr'><strong>legio</strong></span> <span class='ocrx_word' id='word_1_287' title='bbox 820 3636 856 3692; x_wconf 95' lang='lat' dir='ltr'><strong>II.</strong></span> <span class='ocrx_word' id='word_1_288' title='bbox 869 3637 998 3691; x_wconf 82' lang='lat' dir='ltr'><strong>AdIntrix</strong></span> <span class='ocrx_word' id='word_1_289' title='bbox 1009 3651 1059 3705; x_wconf 88' lang='lat' dir='ltr'><strong>per</strong></span> <span class='ocrx_word' id='word_1_290' title='bbox 1076 3633 1196 3704; x_wconf 84' lang='lat' dir='ltr'><strong>epatium</strong></span> <span class='ocrx_word' id='word_1_291' title='bbox 1213 3632 1323 3702; x_wconf 88' lang='lat' dir='ltr'><strong>aliquod</strong></span> 
     </span>
     <span class='ocr_line' id='line_1_34' title="bbox 166 3722 535 3792; baseline -0.008 -13"><span class='ocrx_word' id='word_1_292' title='bbox 166 3723 299 3792; x_wconf 86' lang='lat' dir='ltr'><strong>temporie</strong></span> <span class='ocrx_word' id='word_1_293' title='bbox 314 3722 353 3776; x_wconf 88' lang='lat' dir='ltr'><strong>ibi</strong></span> <span class='ocrx_word' id='word_1_294' title='bbox 369 3726 476 3777; x_wconf 86' lang='lat' dir='ltr'><strong>murata</strong></span> <span class='ocrx_word' id='word_1_295' title='bbox 492 3723 535 3776; x_wconf 88' lang='lat' dir='ltr'><strong>eit.</strong></span> 
     </span>
    </p>

    <p class='ocr_par' dir='ltr' id='par_1_9' title="bbox 166 3802 1323 4220">
     <span class='ocr_line' id='line_1_35' title="bbox 255 3802 1323 3878; baseline -0.007 -16"><span class='ocrx_word' id='word_1_296' title='bbox 255 3812 282 3876; x_wconf 88' lang='grc'><strong>3)</strong></span> <span class='ocrx_word' id='word_1_297' title='bbox 300 3809 344 3864; x_wconf 80' lang='lat' dir='ltr'><strong>Ad</strong></span> <span class='ocrx_word' id='word_1_298' title='bbox 361 3808 433 3862; x_wconf 91' lang='lat' dir='ltr'><strong>hanc</strong></span> <span class='ocrx_word' id='word_1_299' title='bbox 450 3807 635 3878; x_wconf 85' lang='lat' dir='ltr'><strong>quaestionem</strong></span> <span class='ocrx_word' id='word_1_300' title='bbox 653 3810 728 3862; x_wconf 91' lang='lat' dir='ltr'><strong>certe</strong></span> <span class='ocrx_word' id='word_1_301' title='bbox 744 3821 799 3860; x_wconf 92' lang='lat' dir='ltr'><strong>non</strong></span> <span class='ocrx_word' id='word_1_302' title='bbox 817 3809 943 3875; x_wconf 89' lang='lat' dir='ltr'><strong>spectant</strong></span> <span class='ocrx_word' id='word_1_303' title='bbox 960 3807 1024 3871; x_wconf 79' lang='lat' dir='ltr'><strong>(non</strong></span> <span class='ocrx_word' id='word_1_304' title='bbox 1035 3803 1120 3873; x_wconf 88' lang='lat' dir='ltr'><strong>magis</strong></span> <span class='ocrx_word' id='word_1_305' title='bbox 1132 3819 1213 3874; x_wconf 89' lang='lat' dir='ltr'><strong>qnam</strong></span> <span class='ocrx_word' id='word_1_306' title='bbox 1225 3802 1323 3872; x_wconf 87' lang='lat' dir='ltr'><strong>cippus</strong></span> 
     </span>
     <span class='ocr_line' id='line_1_36' title="bbox 169 3887 1323 3963; baseline -0.006 -15"><span class='ocrx_word' id='word_1_307' title='bbox 169 3893 328 3963; x_wconf 86' lang='lat' dir='ltr'><strong>sepulcralis</strong></span> <span class='ocrx_word' id='word_1_308' title='bbox 346 3892 461 3962; x_wconf 87' lang='lat' dir='ltr'><strong>legionis</strong></span> <span class='ocrx_word' id='word_1_309' title='bbox 478 3893 501 3947; x_wconf 94' lang='lat' dir='ltr'><strong>I.</strong></span> <span class='ocrx_word' id='word_1_310' title='bbox 513 3891 659 3947; x_wconf 88' lang='lat' dir='ltr'><strong>Adiutricis</strong></span> <span class='ocrx_word' id='word_1_311' title='bbox 673 3891 910 3960; x_wconf 71' lang='lat' dir='ltr'><strong>Oanheginiensis,</strong></span> <span class='ocrx_word' id='word_1_312' title='bbox 929 3889 965 3945; x_wconf 81' lang='lat' dir='ltr'><strong>cf.</strong></span> <span class='ocrx_word' id='word_1_313' title='bbox 978 3906 1005 3959; x_wconf 92' lang='lat' dir='ltr'><strong>p.</strong></span> <span class='ocrx_word' id='word_1_314' title='bbox 1019 3894 1059 3944; x_wconf 82' lang='grc'><strong>62.</strong></span> <span class='ocrx_word' id='word_1_315' title='bbox 1078 3893 1106 3946; x_wconf 89' lang='grc'><strong>51</strong></span> <span class='ocrx_word' id='word_1_316' title='bbox 1122 3889 1184 3944; x_wconf 89' lang='lat' dir='ltr'><strong>adn.</strong></span> <span class='ocrx_word' id='word_1_317' title='bbox 1198 3892 1233 3955; x_wconf 84' lang='grc'><strong>2.)</strong></span> <span class='ocrx_word' id='word_1_318' title='bbox 1250 3887 1323 3942; x_wconf 85' lang='grc'><strong>111511</strong></span> 
     </span>
     <span class='ocr_line' id='line_1_37' title="bbox 167 3975 1320 4046; baseline -0.006 -12"><span class='ocrx_word' id='word_1_319' title='bbox 167 3984 197 4034; x_wconf 86' lang='grc'><strong>51</strong></span> <span class='ocrx_word' id='word_1_320' title='bbox 214 3977 380 4034; x_wconf 86' lang='lat' dir='ltr'><strong>centurionis</strong></span> <span class='ocrx_word' id='word_1_321' title='bbox 397 3977 511 4046; x_wconf 86' lang='lat' dir='ltr'><strong>legionis</strong></span> <span class='ocrx_word' id='word_1_322' title='bbox 528 3975 563 4031; x_wconf 86' lang='lat' dir='ltr'><strong>X.</strong></span> <span class='ocrx_word' id='word_1_323' title='bbox 583 3977 712 4033; x_wconf 83' lang='lat' dir='ltr'><strong>Geminae</strong></span> <span class='ocrx_word' id='word_1_324' title='bbox 729 3975 814 4042; x_wconf 84' lang='lat' dir='ltr'>(VIII.</span> <span class='ocrx_word' id='word_1_325' title='bbox 835 3979 929 4040; x_wconf 85' lang='grc'><strong>14696)</strong></span> <span class='ocrx_word' id='word_1_326' title='bbox 952 3979 979 4030; x_wconf 87' lang='grc'><strong>51</strong></span> <span class='ocrx_word' id='word_1_327' title='bbox 1000 3975 1116 4030; x_wconf 87' lang='lat' dir='ltr'><strong>duorum</strong></span> <span class='ocrx_word' id='word_1_328' title='bbox 1133 3980 1320 4030; x_wconf 86' lang='lat' dir='ltr'><strong>veteranorum</strong></span> 
     </span>
     <span class='ocr_line' id='line_1_38' title="bbox 166 4057 1321 4132; baseline -0.004 -14"><span class='ocrx_word' id='word_1_329' title='bbox 166 4061 338 4132; x_wconf 88' lang='lat' dir='ltr'><strong>legionile</strong></span> <span class='ocrx_word' id='word_1_330' title='bbox 362 4061 509 4117; x_wconf 80' lang='lat' dir='ltr'><strong>Adiutricis</strong></span> <span class='ocrx_word' id='word_1_331' title='bbox 531 4061 617 4128; x_wconf 84' lang='lat' dir='ltr'>(VIII.</span> <span class='ocrx_word' id='word_1_332' title='bbox 635 4065 711 4117; x_wconf 82' lang='grc'><strong>3566.</strong></span> <span class='ocrx_word' id='word_1_333' title='bbox 734 4059 829 4130; x_wconf 85' lang='lat' dir='ltr'><strong>Suppl.</strong></span> <span class='ocrx_word' id='word_1_334' title='bbox 850 4062 955 4130; x_wconf 85' lang='grc'><strong>14605),</strong></span> <span class='ocrx_word' id='word_1_335' title='bbox 984 4062 1029 4130; x_wconf 91' lang='lat' dir='ltr'><strong>qni</strong></span> <span class='ocrx_word' id='word_1_336' title='bbox 1055 4065 1104 4117; x_wconf 90' lang='lat' dir='ltr'><strong>ant</strong></span> <span class='ocrx_word' id='word_1_337' title='bbox 1128 4060 1157 4115; x_wconf 91' lang='lat' dir='ltr'><strong>iu</strong></span> <span class='ocrx_word' id='word_1_338' title='bbox 1180 4057 1321 4130; x_wconf 81' lang='lat' dir='ltr'><strong>provincia</strong></span> 
     </span>
     <span class='ocr_line' id='line_1_39' title="bbox 166 4146 947 4220; baseline -0.003 -16"><span class='ocrx_word' id='word_1_339' title='bbox 166 4147 358 4220; x_wconf 88' lang='lat' dir='ltr'><strong>proconsulari</strong></span> <span class='ocrx_word' id='word_1_340' title='bbox 374 4151 424 4202; x_wconf 88' lang='lat' dir='ltr'><strong>aut</strong></span> <span class='ocrx_word' id='word_1_341' title='bbox 439 4147 468 4201; x_wconf 91' lang='lat' dir='ltr'><strong>in</strong></span> <span class='ocrx_word' id='word_1_342' title='bbox 484 4146 613 4204; x_wconf 81' lang='lat' dir='ltr'><strong>Numidia</strong></span> <span class='ocrx_word' id='word_1_343' title='bbox 630 4147 795 4215; x_wconf 82' lang='lat' dir='ltr'><strong>(Lambaesi)</strong></span> <span class='ocrx_word' id='word_1_344' title='bbox 813 4149 947 4214; x_wconf 87' lang='lat' dir='ltr'><strong>prostant.</strong></span> 
     </span>
    </p>

    <p class='ocr_par' dir='ltr' id='par_1_10' title="bbox 1080 4232 1116 4286">
     <span class='ocr_line' id='line_1_40' title="bbox 1080 4232 1116 4286; baseline 0 -21"><span class='ocrx_word' id='word_1_345' title='bbox 1080 4232 1116 4286; x_wconf 67' lang='grc'><strong>6*</strong></span> 
     </span>
    </p>
   </div>
   <div class='ocr_carea' id='block_1_5' title="bbox 0 0 1664 4970">
    <p class='ocr_par' dir='ltr' id='par_1_11' title="bbox 0 0 1664 4970">
     <span class='ocr_line' id='line_1_41' title="bbox 0 0 1664 4970; baseline 0 0"><span class='ocrx_word' id='word_1_346' title='bbox 0 0 1664 4970; x_wconf 95' lang='lat' dir='ltr'><strong> </strong></span> 
     </span>
    </p>
   </div>
  </div>
 </body>
</html>
