3270 4968
343 379 384 437 46
770 377 1073 450 decumarum

426 552 459 618 II
490 556 518 617 7.
549 546 706 635 δεύτερον
735 555 928 635 προοίμιον.
973 554 1003 618 8.
1033 553 1220 638 κατασκευή
1252 555 1312 620 τοῦ
1342 555 1504 641 δευτέρου

343 659 535 738 προοιμίου.

427 757 527 823 1112.
552 761 778 839 συμπέρασμα
800 761 861 819 τοῦ
883 761 1076 842 προοιμίου,
1100 751 1182 844 ἀρχὴ
1210 758 1246 824 dd
1270 763 1329 823 τοῦ
1348 757 1503 826 ἐπαίνου.

426 858 475 924 lx
498 862 549 926 22.
571 855 591 945 ἡ
616 855 699 944 ἀρχὴ
723 859 784 943 τῆς
807 858 1011 943 ἀνατροφῆς.

428 961 461 1026 X
486 965 535 1028 15.
558 965 784 1046 συμπέρασμα
806 966 866 1026 τοῦ
889 960 1160 1044 προοιμίου-διὰ
1189 968 1288 1028 τοῦτο
1311 961 1376 1048 γὰρ
1400 965 1457 1030 καὶ
1480 960 1500 1053 ἡ

343 1061 512 1146 πρότασις
535 1063 592 1128 καί
615 1055 634 1146 ἦ
659 1061 847 1146 κατασκευὴ
871 1060 1020 1149 ἐλήφθη.

427 1167 475 1232 XI
500 1172 527 1232 1.
551 1159 707 1251 ἡγοῦμαι]
738 1164 926 1255 κατασκευὴ
954 1172 1013 1232 τοῦ
1043 1171 1236 1251 προοιμίου.
1281 1173 1311 1235 4.
1341 1162 1501 1234 ἁπάντων

341 1264 418 1356 γὰρ]
441 1265 631 1354 κατασκευὴ
653 1273 713 1330 τοῦ
736 1272 930 1351 προοιμίου.

429 1371 581 1456 Sequitur
596 1370 772 1439 scholiasta
786 1370 956 1453 secundus,
979 1373 1034 1455 qui
1051 1392 1091 1438 ex
1107 1372 1222 1439 eodem
1237 1374 1374 1442 fortusse
1389 1373 1500 1441 arohe-

342 1481 421 1560 typo
443 1473 568 1541 scholia
590 1494 610 1539 ο
631 1474 764 1540 librarIo
787 1475 1016 1556 praetermissa
1044 1474 1227 1559 adscripsit,
1257 1497 1329 1544 oum
1351 1497 1416 1544 nou
1438 1477 1500 1543 uisi

341 1577 404 1642 tria
425 1577 469 1643 ad
491 1596 565 1642 eum
586 1576 780 1642 referuntur:

428 1679 528 1744 1113.
553 1675 613 1763 τὴν
637 1675 751 1762 ῥώμην
773 1678 830 1742 καί
852 1676 911 1764 τὴν
935 1672 1106 1762 ἀνδρείαν]
1132 1675 1225 1764 ῥώμη
1254 1679 1316 1762 μὲν
1347 1676 1407 1744 ἐπὶ
1436 1675 1501 1744 σώ-

342 1805 459 1865 ματος,
483 1778 622 1864 ἀνδρεία
646 1779 682 1846 δέ
707 1776 764 1844 ἐπὶ
780 1782 899 1867 ψυχῆς,
923 1801 1007 1865 quae
1022 1781 1123 1848 verba
1139 1780 1251 1848 corais
1266 1783 1331 1848 iam
1346 1782 1500 1848 enotavit.

428 1884 462 1948 X
484 1885 534 1949 23.
552 1878 637 1967 διὸς]
662 1880 805 1968 ἑρκείου,
828 1890 967 1970 κηναίου
984 1885 1040 1948 καὶ
1055 1889 1205 1964 μινιαίου
1222 1919 1262 1930 -
1277 1880 1499 1968 ποσειόὡνος]

347 1989 479 2068 μαιείου
501 1985 695 2069 (γαιηίουί),
725 1983 848 2051 ἱππίου
872 1987 928 2052 καί
951 1992 1118 2068 ταυρείου,
1147 2006 1231 2070 quae
1253 1985 1439 2054 Dindorfius
1460 2007 1503 2053 ex

344 2088 456 2154 codice
479 2088 625 2154 Parisino
652 2095 683 2152 T
697 2088 745 2156 sio
759 2088 915 2156 reddidit:
939 2086 1082 2173 ἑρκείου,
1106 2094 1244 2173 κηναίου
1266 2088 1323 2154 καὶ
1344 2093 1502 2170 μινναίου

343 2225 382 2236 -
408 2193 547 2273 μασείου
571 2191 667 2274 (εἰσί),
692 2187 805 2256 ἰθείου
828 2192 914 2269 (sici)
937 2189 993 2254 καὶ
1016 2193 1183 2274 ταυρείου.

428 2292 561 2360 Scholia
582 2300 689 2360 autem
709 2296 897 2377 recentiora,
921 2313 1003 2377 quae
1026 2292 1069 2359 ad
1091 2291 1172 2359 duos
1194 2289 1330 2360 fortasse
1352 2293 1503 2362 librarios

343 2396 488 2480 redeunt,
518 2397 564 2461 ita
585 2398 742 2481 perplexe
764 2402 796 2464 ct
818 2403 866 2464 tot
888 2394 1088 2481 compendiis
1109 2394 1265 2461 adhibitis
1294 2401 1327 2460 ot
1355 2395 1389 2460 iu
1417 2417 1502 2463 mar·

343 2501 420 2583 gine
444 2506 476 2565 et
497 2518 595 2584 supra
618 2518 746 2566 vorsum
769 2501 889 2586 scriptu
911 2504 993 2583 suut,
1015 2503 1051 2564 ut
1067 2496 1174 2564 adhuc
1190 2497 1298 2566 omnia
1312 2498 1422 2580 legere
1436 2519 1503 2566 non

342 2601 512 2685 potuerim.
557 2601 676 2668 Nescio
699 2621 740 2667 au
763 2601 876 2668 eadem
899 2601 941 2667 de
963 2621 1061 2668 cause
1076 2600 1188 2668 Corsis
1209 2601 1366 2685 pleraque
1390 2619 1500 2666 eorum

343 2709 375 2770 et
397 2705 481 2769 inter
504 2721 543 2768 eu
564 2704 674 2786 ampla
696 2704 876 2788 neglexerit
884 2703 917 2787 ¹),
940 2723 1012 2770 oum
1035 2702 1117 2770 haee
1139 2708 1263 2770 tuntum
1286 2703 1456 2787 praebeat:

426 2805 458 2870 II
484 2807 534 2870 34.
559 2807 609 2870 39.
632 2803 710 2871 4611.
735 2810 785 2872 54.
830 2807 878 2872 ΙΙΙ
900 2808 950 2872 26.
995 2806 1022 2871 V
1048 2808 1116 2871 125.
1143 2809 1212 2871 141.
1237 2805 1281 2870 VI
1297 2807 1347 2871 24.
1370 2809 1421 2872 42.
1445 2811 1497 2873 46.

344 2907 420 2972 VIII
444 2911 492 2973 17.
517 2911 567 2973 33.
596 2909 671 2986 (nou
695 2909 762 2985 231)
786 2912 836 2974 50.
861 2912 911 2974 55.
945 2910 1015 2973 102.
1047 2910 1130 2974 108⁸.
1161 2911 1231 2972 114.
1263 2911 1333 2974 130.
1378 2907 1426 2973 IX
1449 2912 1501 2976 22.

341 3007 406 3075 XII
428 3013 479 3074 47.
506 3013 575 3075 125.
600 3011 670 3074 126.

428 3111 468 3176 Εἰ
490 3118 607 3198 autem,
637 3113 692 3195 qui
715 3111 839 3179 scholia
861 3113 1023 3180 Isocrateo
1045 3112 1150 3178 denuo
1179 3109 1307 3177 edenda
1335 3113 1396 3179 sibi
1426 3134 1501 3198 pro·

342 3215 495 3298 posuerit,
518 3221 586 3280 tota
608 3213 803 3282 scholiorum
818 3215 1030 3281 recentiorum
1047 3213 1170 3281 codicis
1186 3213 1332 3280 Vaticani
1350 3219 1389 3277 A
1404 3218 1502 3301 copia

343 3316 556 3384 exscribenda
578 3317 646 3383 erit.

626 3521 763 3589 Codex
785 3520 1014 3588 Marcianus
1036 3520 1210 3590 415=.‘u'.

429 3659 478 3726 De
502 3657 614 3726 codice
636 3659 800 3726 Marciano
822 3657 862 3742 Ξ,
885 3677 980 3741 quem
1004 3657 1040 3722 B.
1063 3657 1191 3724 Keilius
1214 3658 1247 3722 in
1270 3656 1410 3726 Hermae
1434 3661 1500 3726 vol.

344 3760 441 3825 XXII
462 3779 494 3843 p.
511 3762 569 3825 641
596 3761 736 3828 breviter
758 3761 918 3844 tractavit,
948 3779 1053 3842 pauca
1075 3760 1235 3826 monenda
1254 3766 1385 3828 restant.
1430 3761 1500 3827 Pri-

343 3883 429 3928 mum
451 3861 538 3928 addo
560 3863 710 3930 Isocratis
733 3864 894 3930 orationes
918 3867 978 3929 100
1001 3867 1123 3928 tautum
1139 3881 1180 3929 ex
1196 3864 1258 3928 213
1275 3862 1396 3931 codicis
1411 3861 1501 3930 foliis

413 4069 437 4131 1)
455 4064 516 4120 Cor.
536 4064 570 4119 od
589 4064 674 4120 schol.
692 4065 733 4119 III
751 4068 797 4120 ³9:
823 4067 929 4131 ,Ταυτὶ
947 4058 1023 4133 μόνα
1041 4083 1091 4133 μοι
1113 4061 1259 4138 ἐξεγένετο
1278 4057 1444 4137 ἀναγνῶναι
1467 4064 1502 4122 ἐκ

343 4153 395 4206 τοῦ
412 4142 544 4222 ἀμυδρῶς
560 4151 761 4224 γεγραμμένου
777 4151 923 4222 σχολίου.“
