3134 4986
481 383 660 453 quaestiones
677 383 882 439 Posidoniauae
1204 382 1265 442 381

109 556 227 623 Verum
259 555 444 622 testimonio
476 556 564 640 qnod
597 555 639 622 de
671 556 729 622 illo
758 561 865 623 exstat
892 556 1077 623 adcuratius
1105 575 1266 640 perpenso

110 657 256 724 videmus
277 676 350 723 eum
373 677 438 725 non
458 659 609 724 rationali
624 678 682 726 seu
697 657 944 725 mathematicae
959 677 1065 724 rerum
1080 657 1268 724 caelestium

109 758 373 843 pervestigationi
394 761 574 843 vacavisse,
597 759 655 828 sed
673 759 860 828 Chaldaicis
882 759 1061 826 rationibus
1082 758 1267 826 indulsisse.

109 859 156 928 cf.
177 859 295 944 Script
318 859 403 928 Hist
424 862 508 946 Aug.
537 862 606 938 (vit.
630 861 730 928 Hadr.
755 864 786 941 1)
813 883 846 947 p.
868 867 899 944 4,
921 863 940 925 3
969 881 1085 946 proxx.
1114 860 1205 928 Jord.
1235 867 1269 928 et

108 962 215 1044 eyes:
232 959 419 1047 [imperator
430 959 626 1049 Hadrianus]
638 957 698 1030 ‘ibi
713 963 974 1030 amathematico
990 961 1033 1038 (h.
1046 981 1075 1028 e.
1088 961 1266 1030 chaldaeo.

109 1062 155 1129 cl.
172 1061 263 1129 Sext.
279 1063 370 1148 Emp.
383 1057 482 1131 ‘Adv.
498 1057 606 1130 math?
624 1065 645 1130 l.
662 1064 691 1130 V
708 1068 816 1149 leqq.)
832 1065 973 1150 quodam
987 1063 1029 1130 de
1044 1064 1151 1130 futuro
1166 1063 1267 1147 impe·

108 1165 155 1231 rio
177 1163 212 1229 id
234 1163 351 1232 dicitur
374 1167 568 1250 comperisse
588 1164 676 1249 quod
690 1186 712 1231 a
725 1174 841 1251 patruo
856 1187 974 1251 magno
989 1165 1083 1232 Aelio
1099 1165 1267 1232 Hadriano

107 1266 257 1351 peritiam
268 1267 455 1334 caelestium
472 1269 610 1335 callente
625 1267 826 1351 praedictum
838 1289 910 1336 esse
922 1257 1140 1351 compererat.³
1166 1267 1269 1350 Igitur

108 1366 160 1434 hic
182 1387 311 1452 quoque
333 1367 553 1436 dimittendus.
590 1367 705 1447 Quode
727 1369 803 1437 ideo
825 1370 896 1436 dixi
917 1377 953 1436 ut
975 1388 1179 1436 caveremus
1195 1370 1267 1452 quis

107 1475 220 1553 postea
247 1471 283 1536 in
308 1489 384 1538 eum
416 1470 582 1538 incideret.
633 1471 727 1538 Alius
754 1479 864 1538 antem
893 1472 935 1539 de
963 1491 1027 1556 qno
1057 1490 1131 1537 cum
1158 1471 1269 1555 aliqua

106 1571 335 1654 probabilitate
368 1572 505 1654 cogitari
533 1577 632 1655 queat
658 1570 772 1639 Aelius
800 1572 882 1639 mibi
910 1593 975 1639 non
1002 1573 1149 1638 innotuit
1200 1573 1268 1639 Sed

107 1681 213 1739 tumen
234 1673 313 1740 licet
327 1673 414 1738 Aelii
435 1674 537 1740 nostri
559 1693 611 1740 res
626 1672 809 1741 Cimmeriis
830 1676 923 1759 quasi
938 1673 1080 1742 tenebris
1094 1674 1268 1741 obvolutae

107 1775 179 1858 sint,
202 1775 273 1842 erui
295 1793 392 1858 posse
414 1782 493 1859 puto
515 1775 703 1842 Alexander
718 1776 856 1844 Gemino
878 1777 1026 1842 notitiam
1041 1776 1129 1842 Aelii
1151 1775 1270 1842 debeat

106 1897 147 1945 an
168 1877 265 1944 Aelio
288 1876 428 1944 Gemini.
472 1877 563 1943 Duas
591 1877 794 1961 potissimum
821 1895 873 1943 res
895 1877 1044 1943 attendas
1067 1879 1176 1944 velim.
1219 1878 1269 1945 Ac

106 1981 245 2064 primum
261 1977 392 2061 quidem
408 1997 481 2044 cum
496 1978 683 2046 Alexander
698 1979 837 2062 Aelium,
858 1977 1020 2044 hominem
1035 1981 1152 2047 ceteris
1167 1981 1269 2047 omni·

106 2083 165 2149 bus
188 2079 337 2166 (perinde
359 2086 457 2164 atque
478 2081 584 2158 nobis)
607 2081 816 2164 scriptoribus
839 2081 1002 2146 veteribus
1024 2081 1180 2164 ignotum,
1207 2082 1270 2148 nisi

107 2200 169 2248 nno
184 2182 259 2248 loco
274 2203 338 2249 non
353 2188 593 2265 commemoret,
609 2181 698 2248 haud
713 2183 918 2248 temerarium
934 2182 976 2247 sit
990 2201 1111 2264 negare
1127 2183 1268 2248 Alexan-

108 2281 199 2350 drum
222 2283 462 2350 adcurationem
483 2285 573 2350 illius
594 2282 737 2349 tenuisse
759 2283 918 2348 notitiam.
963 2282 1134 2349 Geminum
1158 2291 1271 2351 contra

106 2384 343 2470 Aphrodisieus
365 2386 467 2469 probe
481 2391 617 2452 noverat
632 2385 872 2467 epitomamque
886 2385 956 2451 eius
968 2377 1178 2452 ‘commenti'
1203 2387 1269 2452 suis

107 2487 176 2570 ipse
204 2488 356 2554 manibus
384 2488 504 2554 volvit:
533 2485 622 2571 quod
644 2485 874 2570 simplicianus
900 2486 990 2552 loeus
1012 2486 1163 2552 ostendit.
1209 2486 1270 2553 Vel

108 2587 168 2655 bac
194 2589 432 2656 deliberatione
453 2590 599 2656 instituta
620 2586 717 2655 facile
739 2588 812 2670 quis
835 2607 874 2653 eo
897 2587 1116 2672 inclinaverit,
1146 2595 1181 2656 ut
1202 2590 1225 2655 1.
1248 2591 1269 2654 i.

107 2689 279 2758 Geminum
307 2691 350 2758 ab
372 2691 560 2758 Alexandro
588 2691 786 2774 exscriptum
811 2689 962 2772 Aeliique
995 2709 1038 2755 ex
1065 2709 1105 2757 eo
1134 2692 1270 2774 petitam

107 2811 177 2860 esse
205 2793 405 2860 mentionem
431 2793 604 2859 existimet.
649 2791 709 2860 Oui
733 2791 913 2874 opinationi
935 2791 1080 2858 validum
1102 2793 1269 2860 adstruere

106 2913 277 2978 possumus
299 2893 544 2962 firmamentum.
582 2893 707 2974 Quodsi
729 2914 797 2960 rem
813 2892 855 2960 ob
871 2911 967 2975 quam
984 2892 1138 2962 Geminus
1154 2896 1270 2962 citatur

107 3003 302 3080 spectamus,
317 2996 360 3062 ad
376 2997 641 3080 meteorologiam
655 2997 816 3080 pertinere
832 2993 990 3061 videmus.
1019 2994 1172 3080 Disputat
1183 2996 1270 3062 enirn

107 3097 163 3166 ille
185 3099 229 3166 de
251 3098 334 3166 iride
356 3105 390 3166 et
411 3101 458 3166 ita
479 3099 611 3184 quidem
632 3105 668 3164 ut
690 3117 773 3182 quae
795 3097 837 3164 de
852 3116 893 3162 ea
907 3097 1029 3180 profert
1043 3097 1088 3164 ad
1102 3097 1270 3164 Posidonii

107 3199 150 3267 de
177 3201 314 3268 caelesti
342 3220 419 3268 areu
447 3202 627 3268 sententiae
652 3200 915 3286 explanationem
937 3199 1120 3282 conscripta
1141 3218 1213 3266 esse
1236 3199 1271 3263 iu

107 3303 220 3388 aprico
242 3304 285 3370 sit
306 3302 359 3381 (cf.
382 3322 455 3370 cum
470 3323 495 3368 s.
511 3323 572 3370 ser.
595 3304 668 3370 loco
684 3303 740 3368 La.
756 3303 852 3385 Diog.
868 3302 891 3366 l.
907 3299 969 3366 VH
987 3302 1048 3364 152
1070 3305 1103 3366 et
1125 3298 1270 3366 Senecae

104 3397 191 3472 ‘Nat
207 3394 277 3484 Qu?
295 3407 317 3470 l.
332 3405 357 3471 1.
374 3409 403 3471 5.
421 3409 470 3472 10.
497 3405 582 3470 Vide
596 3411 628 3470 et
643 3403 748 3470 Bakei
759 3398 847 3470 ‘Poa
863 3401 969 3468 Rhod.
985 3394 1063 3470 rell'
1081 3422 1113 3485 p.
1126 3404 1270 3485 76sqq.).

108 3505 200 3574 Haec
228 3507 284 3590 qui
310 3527 383 3574 cum
405 3507 513 3572 auimo
536 3525 594 3572 suc
616 3506 790 3589 agitaverit
811 3505 941 3572 Gemini
963 3503 1269 3588 disputatiunculam

109 3625 152 3674 ex
163 3609 233 3676 eius
245 3609 476 3674 commentario
491 3606 535 3674 ad
547 3606 715 3674 Posidonii
730 3609 984 3691 meteorologica
997 3613 1054 3672 aut
1068 3625 1112 3672 ex
1126 3606 1270 3690 epitoma

108 3707 205 3776 huius
227 3710 506 3777 commentarii-
520 3727 579 3774 seu
599 3709 642 3774 ab
657 3709 753 3776 Aelio
774 3729 832 3776 seu
853 3711 896 3776 ab
919 3711 990 3794 ipso
1004 3707 1192 3776 Alexandro
1213 3708 1270 3783 (nil

108 3811 208 3878 refert
228 3812 528 3895 inpraesentiarum)
551 3843 592 3856 -
615 3808 763 3878 haustam
786 3831 858 3878 esse
880 3811 1046 3878 iudicabit.
1082 3809 1176 3878 Nunc
1191 3829 1270 3877 vero

108 3913 330 3980 Alexandrum
341 3913 525 3980 Geminiani
538 3905 761 3980 commentarii
776 3913 950 3996 epitomum
964 3913 998 3977 in
1009 3912 1158 3978 manibus
1169 3910 1270 3978 babu-

109 4013 176 4080 isse
188 4022 287 4099 atque
302 4034 474 4098 usurpasse
489 4020 576 4081 certo
592 4013 720 4080 scimus.
751 4013 958 4096 Consequens
974 4022 1024 4080 est
1037 4021 1072 4078 ut
1082 4012 1271 4080 Alexander

110 4113 283 4184 Geminum
311 4115 520 4200 descripserit
547 4117 642 4198 eique
664 4115 752 4182 Aelii
779 4116 925 4182 notitiam
952 4120 1120 4200 acceptum
1142 4115 1269 4182 referat.
