<?xml version="1.0" encoding="UTF-8"?>
<!DOCTYPE html PUBLIC "-//W3C//DTD XHTML 1.0 Transitional//EN"
    "http://www.w3.org/TR/xhtml1/DTD/xhtml1-transitional.dtd">
<html xmlns="http://www.w3.org/1999/xhtml" xml:lang="en" lang="en">
 <head>
  <title>
</title>
<meta http-equiv="Content-Type" content="text/html;charset=utf-8" />
  <meta name='ocr-system' content='tesseract 3.04.00' />
  <meta name='ocr-capabilities' content='ocr_page ocr_carea ocr_par ocr_line ocrx_word'/>
</head>
<body>
  <div class='ocr_page' id='page_1' title='image "./leipzigerstudie00curtgoog_0503.png"; bbox 0 0 3134 4986; ppageno 0'>
   <div class='ocr_carea' id='block_1_1' title="bbox 121 391 1243 460">
    <p class='ocr_par' dir='ltr' id='par_1_1' title="bbox 121 391 1243 460">
     <span class='ocr_line' id='line_1_1' title="bbox 121 391 1243 460; baseline 0.004 -14"><span class='ocrx_word' id='word_1_1' title='bbox 121 392 196 460; x_wconf 79' lang='lat' dir='ltr'><strong>Quae</strong></span> <span class='ocrx_word' id='word_1_2' title='bbox 212 392 282 448; x_wconf 87' lang='lat' dir='ltr'><strong>ratio</strong></span> <span class='ocrx_word' id='word_1_3' title='bbox 299 392 451 448; x_wconf 74' lang='lat' dir='ltr'><strong>intercedat</strong></span> <span class='ocrx_word' id='word_1_4' title='bbox 467 391 538 447; x_wconf 90' lang='lat' dir='ltr'><strong>inter</strong></span> <span class='ocrx_word' id='word_1_5' title='bbox 550 391 702 452; x_wconf 80' lang='lat' dir='ltr'><strong>Vitruvium</strong></span> <span class='ocrx_word' id='word_1_6' title='bbox 719 395 748 450; x_wconf 90' lang='lat' dir='ltr'><strong>et</strong></span> <span class='ocrx_word' id='word_1_7' title='bbox 758 393 930 449; x_wconf 71' lang='lat' dir='ltr'>Athenaeum</span> <span class='ocrx_word' id='word_1_8' title='bbox 947 393 1143 452; x_wconf 86' lang='lat' dir='ltr'><strong>mechanicum.</strong></span> <span class='ocrx_word' id='word_1_9' title='bbox 1180 395 1243 458; x_wconf 84' lang='lat'><strong>319</strong></span> 
     </span>
    </p>
   </div>
   <div class='ocr_carea' id='block_1_2' title="bbox 84 564 1015 753">
    <p class='ocr_par' dir='ltr' id='par_1_2' title="bbox 84 564 1015 753">
     <span class='ocr_line' id='line_1_2' title="bbox 84 564 1015 651; baseline -0.002 -15"><span class='ocrx_word' id='word_1_10' title='bbox 84 566 186 636; x_wconf 89' lang='lat' dir='ltr'><strong>habet</strong></span> <span class='ocrx_word' id='word_1_11' title='bbox 215 564 503 650; x_wconf 80' lang='lat' dir='ltr'><strong>quemadmodum,</strong></span> <span class='ocrx_word' id='word_1_12' title='bbox 535 583 619 648; x_wconf 90' lang='lat' dir='ltr'><strong>quae</strong></span> <span class='ocrx_word' id='word_1_13' title='bbox 649 585 747 650; x_wconf 88' lang='lat' dir='ltr'><strong>supra</strong></span> <span class='ocrx_word' id='word_1_14' title='bbox 776 565 897 649; x_wconf 89' lang='lat' dir='ltr'><strong>scripta</strong></span> <span class='ocrx_word' id='word_1_15' title='bbox 927 573 1015 651; x_wconf 92' lang='lat' dir='ltr'><strong>sunt,</strong></span> 
     </span>
     <span class='ocr_line' id='line_1_3' title="bbox 334 665 979 753; baseline 0.005 -20"><span class='ocrx_word' id='word_1_16' title='bbox 334 675 461 753; x_wconf 89' lang='lat' dir='ltr'><strong>praeter</strong></span> <span class='ocrx_word' id='word_1_17' title='bbox 487 667 666 750; x_wconf 90' lang='lat' dir='ltr'><strong>capreolos,</strong></span> <span class='ocrx_word' id='word_1_18' title='bbox 690 666 748 734; x_wconf 90' lang='lat' dir='ltr'><strong>sed</strong></span> <span class='ocrx_word' id='word_1_19' title='bbox 772 665 870 734; x_wconf 88' lang='lat' dir='ltr'><strong>habet</strong></span> <span class='ocrx_word' id='word_1_20' title='bbox 893 669 979 736; x_wconf 91' lang='lat' dir='ltr'><strong>circa</strong></span> 
     </span>
    </p>
   </div>
   <div class='ocr_carea' id='block_1_3' title="bbox 83 859 1373 1364">
    <p class='ocr_par' dir='ltr' id='par_1_3' title="bbox 85 859 1373 1070">
     <span class='ocr_line' id='line_1_4' title="bbox 85 859 1373 957; baseline 0.008 -26"><span class='ocrx_word' id='word_1_21' title='bbox 85 919 90 931; x_wconf 60' lang='lat'><em>„</em></span> <span class='ocrx_word' id='word_1_22' title='bbox 170 873 315 956; x_wconf 90' lang='lat' dir='ltr'><strong>pluteum</strong></span> <span class='ocrx_word' id='word_1_23' title='bbox 331 878 364 938; x_wconf 92' lang='lat' dir='ltr'><strong>et</strong></span> <span class='ocrx_word' id='word_1_24' title='bbox 385 873 500 957; x_wconf 82' lang='lat' dir='ltr'><strong>planas</strong></span> <span class='ocrx_word' id='word_1_25' title='bbox 524 891 565 938; x_wconf 84' lang='lat' dir='ltr'><strong>ex</strong></span> <span class='ocrx_word' id='word_1_26' title='bbox 588 870 706 938; x_wconf 88' lang='lat' dir='ltr'><strong>tabulis</strong></span> <span class='ocrx_word' id='word_1_27' title='bbox 957 879 989 938; x_wconf 92' lang='lat' dir='ltr'><strong>et</strong></span> <span class='ocrx_word' id='word_1_28' title='bbox 1011 892 1148 956; x_wconf 79' lang='lat' dir='ltr'><strong>superne</strong></span> <span class='ocrx_word' id='word_1_29' title='bbox 1170 875 1243 941; x_wconf 90' lang='lat' dir='ltr'><strong>sub·</strong></span> <span class='ocrx_word' id='word_1_30' title='bbox 1370 859 1373 872; x_wconf 45' lang='lat'><strong><em>¹</em></strong></span> 
     </span>
     <span class='ocr_line' id='line_1_5' title="bbox 85 970 1244 1070; baseline 0.003 -32"><span class='ocrx_word' id='word_1_31' title='bbox 85 972 226 1058; x_wconf 88' lang='lat' dir='ltr'><strong>grundas</strong></span> <span class='ocrx_word' id='word_1_32' title='bbox 254 975 449 1057; x_wconf 79' lang='lat' dir='ltr'><strong>proclinatas</strong></span> <span class='ocrx_word' id='word_1_33' title='bbox 479 993 592 1058; x_wconf 87' lang='lat' dir='ltr'><strong>supra,</strong></span> <span class='ocrx_word' id='word_1_34' title='bbox 628 992 710 1057; x_wconf 90' lang='lat' dir='ltr'><strong>quae</strong></span> <span class='ocrx_word' id='word_1_35' title='bbox 740 974 859 1040; x_wconf 85' lang='lat' dir='ltr'><strong>tabulis</strong></span> <span class='ocrx_word' id='word_1_36' title='bbox 887 970 939 1070; x_wconf 70' lang='lat' dir='ltr'><strong>&lt;ct</strong></span> <span class='ocrx_word' id='word_1_37' title='bbox 968 973 1081 1060; x_wconf 86' lang='lat' dir='ltr'><strong>coriis&gt;</strong></span> <span class='ocrx_word' id='word_1_38' title='bbox 1110 974 1244 1044; x_wconf 88' lang='lat' dir='ltr'><strong>firmiter</strong></span> 
     </span>
    </p>

    <p class='ocr_par' dir='ltr' id='par_1_4' title="bbox 84 1075 392 1142">
     <span class='ocr_line' id='line_1_6' title="bbox 84 1075 392 1142; baseline 0 -2"><span class='ocrx_word' id='word_1_39' title='bbox 84 1075 157 1142; x_wconf 82' lang='lat' dir='ltr'><strong>fixis</strong></span> <span class='ocrx_word' id='word_1_40' title='bbox 181 1076 392 1142; x_wconf 88' lang='lat' dir='ltr'><strong>continentur.</strong></span> 
     </span>
    </p>

    <p class='ocr_par' dir='ltr' id='par_1_5' title="bbox 83 1177 1243 1364">
     <span class='ocr_line' id='line_1_7' title="bbox 83 1177 1243 1262; baseline 0 -18"><span class='ocrx_word' id='word_1_41' title='bbox 83 1179 219 1262; x_wconf 82' lang='lat' dir='ltr'><strong>Insuper</strong></span> <span class='ocrx_word' id='word_1_42' title='bbox 235 1197 312 1244; x_wconf 86' lang='lat' dir='ltr'><strong>vero</strong></span> <span class='ocrx_word' id='word_1_43' title='bbox 327 1178 444 1262; x_wconf 89' lang='lat' dir='ltr'><strong>argilla</strong></span> <span class='ocrx_word' id='word_1_44' title='bbox 459 1198 531 1252; x_wconf 90' lang='lat' dir='ltr'><strong>cum</strong></span> <span class='ocrx_word' id='word_1_45' title='bbox 546 1178 665 1261; x_wconf 78' lang='lat' dir='ltr'><strong>capillo</strong></span> <span class='ocrx_word' id='word_1_46' title='bbox 682 1177 816 1244; x_wconf 89' lang='lat' dir='ltr'><strong>subacta</strong></span> <span class='ocrx_word' id='word_1_47' title='bbox 836 1177 879 1244; x_wconf 84' lang='lat' dir='ltr'><strong>ad</strong></span> <span class='ocrx_word' id='word_1_48' title='bbox 902 1196 974 1243; x_wconf 89' lang='lat' dir='ltr'><strong>eam</strong></span> <span class='ocrx_word' id='word_1_49' title='bbox 998 1177 1243 1245; x_wconf 90' lang='lat' dir='ltr'><strong>crassitudinem</strong></span> 
     </span>
     <span class='ocr_line' id='line_1_8' title="bbox 84 1277 1187 1364; baseline -0.001 -18"><span class='ocrx_word' id='word_1_50' title='bbox 84 1279 264 1364; x_wconf 87' lang='lat' dir='ltr'><strong>inducatur,</strong></span> <span class='ocrx_word' id='word_1_51' title='bbox 288 1285 323 1346; x_wconf 91' lang='lat' dir='ltr'><strong>ut</strong></span> <span class='ocrx_word' id='word_1_52' title='bbox 344 1281 429 1364; x_wconf 89' lang='lat' dir='ltr'><strong>ignis</strong></span> <span class='ocrx_word' id='word_1_53' title='bbox 452 1281 581 1347; x_wconf 91' lang='lat' dir='ltr'><strong>omnino</strong></span> <span class='ocrx_word' id='word_1_54' title='bbox 604 1300 668 1347; x_wconf 93' lang='lat' dir='ltr'><strong>non</strong></span> <span class='ocrx_word' id='word_1_55' title='bbox 690 1279 793 1364; x_wconf 88' lang='lat' dir='ltr'><strong>possit</strong></span> <span class='ocrx_word' id='word_1_56' title='bbox 816 1280 847 1346; x_wconf 92' lang='lat' dir='ltr'><strong>ei</strong></span> <span class='ocrx_word' id='word_1_57' title='bbox 869 1277 1039 1346; x_wconf 78' lang='lat' dir='ltr'><strong>machinae</strong></span> <span class='ocrx_word' id='word_1_58' title='bbox 1062 1298 1187 1348; x_wconf 90' lang='lat' dir='ltr'><strong>nocere.</strong></span> 
     </span>
    </p>
   </div>
   <div class='ocr_carea' id='block_1_4' title="bbox 85 1687 1244 1876">
    <p class='ocr_par' dir='ltr' id='par_1_6' title="bbox 85 1687 1244 1876">
     <span class='ocr_line' id='line_1_9' title="bbox 168 1687 1244 1773; baseline 0.001 -20"><span class='ocrx_word' id='word_1_59' title='bbox 168 1689 309 1756; x_wconf 84' lang='lat' dir='ltr'><strong>Possunt</strong></span> <span class='ocrx_word' id='word_1_60' title='bbox 323 1694 431 1755; x_wconf 89' lang='lat' dir='ltr'><strong>autem</strong></span> <span class='ocrx_word' id='word_1_61' title='bbox 454 1689 482 1755; x_wconf 92' lang='lat' dir='ltr'><strong>si</strong></span> <span class='ocrx_word' id='word_1_62' title='bbox 505 1709 585 1773; x_wconf 90' lang='lat' dir='ltr'><strong>opus</strong></span> <span class='ocrx_word' id='word_1_63' title='bbox 607 1689 704 1755; x_wconf 88' lang='lat' dir='ltr'><strong>fuerit</strong></span> <span class='ocrx_word' id='word_1_64' title='bbox 726 1707 784 1756; x_wconf 89' lang='lat' dir='ltr'><strong>eae</strong></span> <span class='ocrx_word' id='word_1_65' title='bbox 808 1687 977 1756; x_wconf 87' lang='lat' dir='ltr'><strong>machinae</strong></span> <span class='ocrx_word' id='word_1_66' title='bbox 999 1709 1059 1756; x_wconf 85' lang='lat' dir='ltr'><strong>rex</strong></span> <span class='ocrx_word' id='word_1_67' title='bbox 1074 1689 1151 1756; x_wconf 92' lang='lat' dir='ltr'><strong>VIII</strong></span> <span class='ocrx_word' id='word_1_68' title='bbox 1166 1689 1244 1756; x_wconf 89' lang='lat' dir='ltr'><strong>rotis</strong></span> 
     </span>
     <span class='ocr_line' id='line_1_10' title="bbox 85 1790 1030 1876; baseline 0.001 -19"><span class='ocrx_word' id='word_1_69' title='bbox 85 1809 154 1858; x_wconf 89' lang='lat' dir='ltr'><strong>esse</strong></span> <span class='ocrx_word' id='word_1_70' title='bbox 177 1790 205 1858; x_wconf 88' lang='lat' dir='ltr'><strong>si</strong></span> <span class='ocrx_word' id='word_1_71' title='bbox 227 1791 271 1856; x_wconf 89' lang='lat' dir='ltr'><strong>ad</strong></span> <span class='ocrx_word' id='word_1_72' title='bbox 293 1791 357 1858; x_wconf 92' lang='lat' dir='ltr'><strong>loci</strong></span> <span class='ocrx_word' id='word_1_73' title='bbox 379 1796 526 1858; x_wconf 88' lang='lat' dir='ltr'><strong>naturam</strong></span> <span class='ocrx_word' id='word_1_74' title='bbox 548 1791 594 1858; x_wconf 90' lang='lat' dir='ltr'><strong>ita</strong></span> <span class='ocrx_word' id='word_1_75' title='bbox 617 1811 697 1875; x_wconf 89' lang='lat' dir='ltr'><strong>opus</strong></span> <span class='ocrx_word' id='word_1_76' title='bbox 720 1792 817 1858; x_wconf 83' lang='lat' dir='ltr'><strong>luerit</strong></span> <span class='ocrx_word' id='word_1_77' title='bbox 839 1799 1030 1876; x_wconf 90' lang='lat' dir='ltr'><strong>temperare.</strong></span> 
     </span>
    </p>
   </div>
   <div class='ocr_carea' id='block_1_5' title="bbox 85 1993 1247 3298">
    <p class='ocr_par' dir='ltr' id='par_1_7' title="bbox 85 1993 1247 2587">
     <span class='ocr_line' id='line_1_11' title="bbox 169 1993 1245 2081; baseline -0.002 -21"><span class='ocrx_word' id='word_1_78' title='bbox 169 1993 262 2072; x_wconf 81' lang='lat' dir='ltr'><strong>Quae</strong></span> <span class='ocrx_word' id='word_1_79' title='bbox 277 2001 384 2062; x_wconf 88' lang='lat' dir='ltr'><strong>aulem</strong></span> <span class='ocrx_word' id='word_1_80' title='bbox 397 1995 574 2063; x_wconf 89' lang='lat' dir='ltr'><strong>testudines</strong></span> <span class='ocrx_word' id='word_1_81' title='bbox 584 1995 626 2062; x_wconf 88' lang='lat' dir='ltr'><strong>ad</strong></span> <span class='ocrx_word' id='word_1_82' title='bbox 638 1995 826 2063; x_wconf 88' lang='lat' dir='ltr'><strong>fodiendum</strong></span> <span class='ocrx_word' id='word_1_83' title='bbox 839 2001 1064 2081; x_wconf 90' lang='lat' dir='ltr'><strong>comparantur</strong></span> <span class='ocrx_word' id='word_1_84' title='bbox 1077 2031 1118 2042; x_wconf 92' lang='lat'>-</span> <span class='ocrx_word' id='word_1_85' title='bbox 1130 2016 1245 2081; x_wconf 76' lang='grc' dir='ltr'><em>ορυγες</em></span> 
     </span>
     <span class='ocr_line' id='line_1_12' title="bbox 85 2096 1245 2182; baseline 0.002 -22"><span class='ocrx_word' id='word_1_86' title='bbox 85 2115 199 2178; x_wconf 91' lang='lat' dir='ltr'><strong>graece</strong></span> <span class='ocrx_word' id='word_1_87' title='bbox 216 2096 365 2164; x_wconf 90' lang='lat' dir='ltr'><strong>dicuntur</strong></span> <span class='ocrx_word' id='word_1_88' title='bbox 381 2133 422 2144; x_wconf 97' lang='lat'><em>-</em></span> <span class='ocrx_word' id='word_1_89' title='bbox 438 2105 546 2165; x_wconf 90' lang='lat' dir='ltr'><strong>cetera</strong></span> <span class='ocrx_word' id='word_1_90' title='bbox 561 2099 670 2166; x_wconf 92' lang='lat' dir='ltr'><strong>omnia</strong></span> <span class='ocrx_word' id='word_1_91' title='bbox 685 2097 806 2165; x_wconf 88' lang='lat' dir='ltr'><strong>habent</strong></span> <span class='ocrx_word' id='word_1_92' title='bbox 820 2101 867 2165; x_wconf 88' lang='lat' dir='ltr'><strong>uti</strong></span> <span class='ocrx_word' id='word_1_93' title='bbox 890 2119 988 2182; x_wconf 88' lang='lat' dir='ltr'><strong>supra</strong></span> <span class='ocrx_word' id='word_1_94' title='bbox 1010 2099 1163 2182; x_wconf 90' lang='lat' dir='ltr'><strong>scripturn</strong></span> <span class='ocrx_word' id='word_1_95' title='bbox 1187 2104 1245 2165; x_wconf 91' lang='lat' dir='ltr'><strong>est.</strong></span> 
     </span>
     <span class='ocr_line' id='line_1_13' title="bbox 85 2199 1245 2282; baseline 0.006 -23"><span class='ocrx_word' id='word_1_96' title='bbox 85 2199 215 2261; x_wconf 81' lang='lat' dir='ltr'><strong>Frontes</strong></span> <span class='ocrx_word' id='word_1_97' title='bbox 231 2216 308 2261; x_wconf 85' lang='lat' dir='ltr'><strong>vero</strong></span> <span class='ocrx_word' id='word_1_98' title='bbox 325 2215 431 2263; x_wconf 83' lang='lat' dir='ltr'><strong>earum</strong></span> <span class='ocrx_word' id='word_1_99' title='bbox 453 2203 532 2264; x_wconf 86' lang='lat' dir='ltr'><strong>flunt</strong></span> <span class='ocrx_word' id='word_1_100' title='bbox 554 2204 815 2282; x_wconf 86' lang='lat' dir='ltr'><strong>quemadmodum</strong></span> <span class='ocrx_word' id='word_1_101' title='bbox 837 2203 948 2281; x_wconf 85' lang='lat' dir='ltr'><strong>auguli</strong></span> <span class='ocrx_word' id='word_1_102' title='bbox 968 2203 1177 2281; x_wconf 87' lang='lat' dir='ltr'><strong>trigoniorum</strong></span> <span class='ocrx_word' id='word_1_103' title='bbox 1199 2203 1245 2267; x_wconf 88' lang='lat' dir='ltr'><strong>uti</strong></span> 
     </span>
     <span class='ocr_line' id='line_1_14' title="bbox 85 2303 1247 2386; baseline 0 -20"><span class='ocrx_word' id='word_1_104' title='bbox 85 2321 215 2368; x_wconf 92' lang='lat' dir='ltr'><strong>arnuro</strong></span> <span class='ocrx_word' id='word_1_105' title='bbox 240 2303 306 2366; x_wconf 88' lang='lat' dir='ltr'><strong>tela</strong></span> <span class='ocrx_word' id='word_1_106' title='bbox 329 2321 400 2368; x_wconf 91' lang='lat' dir='ltr'><strong>cum</strong></span> <span class='ocrx_word' id='word_1_107' title='bbox 423 2304 456 2366; x_wconf 94' lang='lat' dir='ltr'><strong>in</strong></span> <span class='ocrx_word' id='word_1_108' title='bbox 480 2322 535 2368; x_wconf 89' lang='lat' dir='ltr'><strong>eas</strong></span> <span class='ocrx_word' id='word_1_109' title='bbox 558 2304 739 2386; x_wconf 89' lang='lat' dir='ltr'><strong>mittantur,</strong></span> <span class='ocrx_word' id='word_1_110' title='bbox 768 2321 829 2366; x_wconf 88' lang='lat' dir='ltr'><strong>noo</strong></span> <span class='ocrx_word' id='word_1_111' title='bbox 852 2305 955 2382; x_wconf 87' lang='lat' dir='ltr'><strong>planis</strong></span> <span class='ocrx_word' id='word_1_112' title='bbox 981 2304 1136 2368; x_wconf 80' lang='lat' dir='ltr'><strong>frontibus</strong></span> <span class='ocrx_word' id='word_1_113' title='bbox 1167 2307 1247 2368; x_wconf 87' lang='lat' dir='ltr'><strong>exci-</strong></span> 
     </span>
     <span class='ocr_line' id='line_1_15' title="bbox 85 2402 1245 2490; baseline 0.009 -26"><span class='ocrx_word' id='word_1_114' title='bbox 85 2402 173 2481; x_wconf 86' lang='lat' dir='ltr'><strong>pIant</strong></span> <span class='ocrx_word' id='word_1_115' title='bbox 183 2404 305 2486; x_wconf 80' lang='lat' dir='ltr'><strong>plagas,</strong></span> <span class='ocrx_word' id='word_1_116' title='bbox 321 2403 379 2469; x_wconf 90' lang='lat' dir='ltr'><strong>sed</strong></span> <span class='ocrx_word' id='word_1_117' title='bbox 390 2405 432 2470; x_wconf 90' lang='lat' dir='ltr'><strong>ab</strong></span> <span class='ocrx_word' id='word_1_118' title='bbox 445 2404 599 2472; x_wconf 89' lang='lat' dir='ltr'><strong>lateribus</strong></span> <span class='ocrx_word' id='word_1_119' title='bbox 614 2405 771 2487; x_wconf 88' lang='lat' dir='ltr'><strong>labentes,</strong></span> <span class='ocrx_word' id='word_1_120' title='bbox 784 2405 854 2472; x_wconf 91' lang='lat' dir='ltr'><strong>sine</strong></span> <span class='ocrx_word' id='word_1_121' title='bbox 866 2407 1075 2490; x_wconf 90' lang='lat' dir='ltr'><strong>periculoque</strong></span> <span class='ocrx_word' id='word_1_122' title='bbox 1086 2405 1245 2474; x_wconf 86' lang='lat' dir='ltr'><strong>fodientes</strong></span> 
     </span>
     <span class='ocr_line' id='line_1_16' title="bbox 87 2506 526 2587; baseline 0.005 -17"><span class='ocrx_word' id='word_1_123' title='bbox 87 2506 140 2587; x_wconf 92' lang='lat' dir='ltr'><strong>qui</strong></span> <span class='ocrx_word' id='word_1_124' title='bbox 162 2506 249 2572; x_wconf 88' lang='lat' dir='ltr'><strong>intus</strong></span> <span class='ocrx_word' id='word_1_125' title='bbox 272 2511 346 2572; x_wconf 87' lang='lat' dir='ltr'><strong>sunt</strong></span> <span class='ocrx_word' id='word_1_126' title='bbox 367 2511 526 2572; x_wconf 89' lang='lat' dir='ltr'><strong>tueantur.</strong></span> 
     </span>
    </p>

    <p class='ocr_par' dir='ltr' id='par_1_8' title="bbox 86 2606 1246 3298">
     <span class='ocr_line' id='line_1_17' title="bbox 168 2606 1245 2693; baseline 0.002 -21"><span class='ocrx_word' id='word_1_127' title='bbox 168 2607 244 2674; x_wconf 89' lang='lat' dir='ltr'><strong>Non</strong></span> <span class='ocrx_word' id='word_1_128' title='bbox 261 2606 342 2673; x_wconf 93' lang='lat' dir='ltr'><strong>mihi</strong></span> <span class='ocrx_word' id='word_1_129' title='bbox 358 2607 454 2674; x_wconf 89' lang='lat' dir='ltr'><strong>etiam</strong></span> <span class='ocrx_word' id='word_1_130' title='bbox 479 2606 607 2674; x_wconf 88' lang='lat' dir='ltr'><strong>videtur</strong></span> <span class='ocrx_word' id='word_1_131' title='bbox 630 2627 702 2675; x_wconf 89' lang='lat' dir='ltr'><strong>esse</strong></span> <span class='ocrx_word' id='word_1_132' title='bbox 724 2608 866 2674; x_wconf 88' lang='lat' dir='ltr'><strong>alienum</strong></span> <span class='ocrx_word' id='word_1_133' title='bbox 888 2607 929 2675; x_wconf 91' lang='lat' dir='ltr'><strong>de</strong></span> <span class='ocrx_word' id='word_1_134' title='bbox 953 2608 1124 2692; x_wconf 88' lang='lat' dir='ltr'><strong>testudine,</strong></span> <span class='ocrx_word' id='word_1_135' title='bbox 1149 2629 1245 2693; x_wconf 89' lang='lat' dir='ltr'><strong>quam</strong></span> 
     </span>
     <span class='ocr_line' id='line_1_18' title="bbox 86 2708 1245 2796; baseline 0.005 -24"><span class='ocrx_word' id='word_1_136' title='bbox 86 2708 228 2791; x_wconf 86' lang='lat' dir='ltr'><strong>Hegetor</strong></span> <span class='ocrx_word' id='word_1_137' title='bbox 243 2710 418 2794; x_wconf 84' lang='lat' dir='ltr'><strong>Byzantius</strong></span> <span class='ocrx_word' id='word_1_138' title='bbox 440 2709 526 2792; x_wconf 88' lang='lat' dir='ltr'><strong>fecit,</strong></span> <span class='ocrx_word' id='word_1_139' title='bbox 550 2710 666 2794; x_wconf 89' lang='lat' dir='ltr'><strong>quibus</strong></span> <span class='ocrx_word' id='word_1_140' title='bbox 689 2709 866 2777; x_wconf 89' lang='lat' dir='ltr'><strong>rationibus</strong></span> <span class='ocrx_word' id='word_1_141' title='bbox 890 2711 932 2776; x_wconf 89' lang='lat' dir='ltr'><strong>sit</strong></span> <span class='ocrx_word' id='word_1_142' title='bbox 952 2711 1048 2796; x_wconf 87' lang='lat' dir='ltr'><strong>lacta,</strong></span> <span class='ocrx_word' id='word_1_143' title='bbox 1071 2730 1245 2794; x_wconf 85' lang='lat' dir='ltr'><strong>exponere.</strong></span> 
     </span>
     <span class='ocr_line' id='line_1_19' title="bbox 86 2810 1245 2896; baseline 0.002 -20"><span class='ocrx_word' id='word_1_144' title='bbox 86 2810 202 2877; x_wconf 85' lang='lat' dir='ltr'><strong>Fuerat</strong></span> <span class='ocrx_word' id='word_1_145' title='bbox 218 2812 304 2877; x_wconf 92' lang='lat' dir='ltr'><strong>enim</strong></span> <span class='ocrx_word' id='word_1_146' title='bbox 323 2813 392 2878; x_wconf 87' lang='lat' dir='ltr'><strong>elus</strong></span> <span class='ocrx_word' id='word_1_147' title='bbox 406 2812 523 2879; x_wconf 90' lang='lat' dir='ltr'><strong>baseos</strong></span> <span class='ocrx_word' id='word_1_148' title='bbox 538 2811 707 2895; x_wconf 83' lang='lat' dir='ltr'><strong>longitudo</strong></span> <span class='ocrx_word' id='word_1_149' title='bbox 722 2811 843 2896; x_wconf 92' lang='lat' dir='ltr'><strong>pedum</strong></span> <span class='ocrx_word' id='word_1_150' title='bbox 859 2812 978 2896; x_wconf 90' lang='lat' dir='ltr'><strong>LXIII,</strong></span> <span class='ocrx_word' id='word_1_151' title='bbox 994 2813 1131 2880; x_wconf 88' lang='lat' dir='ltr'><strong>latitudo</strong></span> <span class='ocrx_word' id='word_1_152' title='bbox 1143 2814 1245 2879; x_wconf 92' lang='lat' dir='ltr'><strong>XLll.</strong></span> 
     </span>
     <span class='ocr_line' id='line_1_20' title="bbox 87 2913 1245 3000; baseline 0.003 -22"><span class='ocrx_word' id='word_1_153' title='bbox 87 2913 279 2996; x_wconf 75' lang='lat' dir='ltr'><strong>arrectaria,</strong></span> <span class='ocrx_word' id='word_1_154' title='bbox 303 2933 387 2998; x_wconf 86' lang='lat' dir='ltr'><strong>quae</strong></span> <span class='ocrx_word' id='word_1_155' title='bbox 402 2935 501 2998; x_wconf 88' lang='lat' dir='ltr'><strong>supra</strong></span> <span class='ocrx_word' id='word_1_156' title='bbox 517 2915 772 2998; x_wconf 85' lang='lat' dir='ltr'><strong>compactionem</strong></span> <span class='ocrx_word' id='word_1_157' title='bbox 789 2921 880 2982; x_wconf 90' lang='lat' dir='ltr'><strong>erant</strong></span> <span class='ocrx_word' id='word_1_158' title='bbox 894 2921 1044 2998; x_wconf 89' lang='lat' dir='ltr'><strong>quattuor</strong></span> <span class='ocrx_word' id='word_1_159' title='bbox 1067 2916 1245 3000; x_wconf 90' lang='lat' dir='ltr'><strong>conlocata,</strong></span> 
     </span>
     <span class='ocr_line' id='line_1_21' title="bbox 88 3015 1246 3102; baseline 0.005 -24"><span class='ocrx_word' id='word_1_160' title='bbox 88 3033 127 3078; x_wconf 83' lang='lat' dir='ltr'><strong>ex</strong></span> <span class='ocrx_word' id='word_1_161' title='bbox 159 3015 245 3082; x_wconf 90' lang='lat' dir='ltr'><strong>binis</strong></span> <span class='ocrx_word' id='word_1_162' title='bbox 279 3015 377 3098; x_wconf 86' lang='lat' dir='ltr'><strong>tignis</strong></span> <span class='ocrx_word' id='word_1_163' title='bbox 413 3015 540 3082; x_wconf 81' lang='lat' dir='ltr'><strong>fuerant</strong></span> <span class='ocrx_word' id='word_1_164' title='bbox 573 3024 759 3102; x_wconf 89' lang='lat' dir='ltr'><strong>compacta,</strong></span> <span class='ocrx_word' id='word_1_165' title='bbox 793 3019 827 3084; x_wconf 90' lang='lat' dir='ltr'><strong>in</strong></span> <span class='ocrx_word' id='word_1_166' title='bbox 859 3017 1083 3085; x_wconf 87' lang='lat' dir='ltr'><strong>altitudinibus</strong></span> <span class='ocrx_word' id='word_1_167' title='bbox 1117 3018 1246 3102; x_wconf 88' lang='lat' dir='ltr'><strong>singula</strong></span> 
     </span>
     <span class='ocr_line' id='line_1_22' title="bbox 86 3114 1244 3204; baseline 0.003 -22"><span class='ocrx_word' id='word_1_168' title='bbox 86 3114 204 3197; x_wconf 89' lang='lat' dir='ltr'><strong>pedum</strong></span> <span class='ocrx_word' id='word_1_169' title='bbox 225 3117 393 3201; x_wconf 80' lang='lat' dir='ltr'><strong>XXXVI,</strong></span> <span class='ocrx_word' id='word_1_170' title='bbox 424 3117 636 3186; x_wconf 86' lang='lat' dir='ltr'><strong>crassItudine</strong></span> <span class='ocrx_word' id='word_1_171' title='bbox 665 3119 893 3203; x_wconf 89' lang='lat' dir='ltr'><strong>palmipedali,</strong></span> <span class='ocrx_word' id='word_1_172' title='bbox 923 3119 1093 3188; x_wconf 90' lang='lat' dir='ltr'><strong>latitudine</strong></span> <span class='ocrx_word' id='word_1_173' title='bbox 1115 3122 1244 3204; x_wconf 33' lang='lat' dir='ltr'><strong>,sesqui-</strong></span> 
     </span>
     <span class='ocr_line' id='line_1_23' title="bbox 87 3215 204 3298; baseline 0 -16"><span class='ocrx_word' id='word_1_174' title='bbox 87 3215 204 3298; x_wconf 89' lang='lat' dir='ltr'><strong>pedali.</strong></span> 
     </span>
    </p>
   </div>
   <div class='ocr_carea' id='block_1_6' title="bbox 170 3320 1076 3408">
    <p class='ocr_par' dir='ltr' id='par_1_9' title="bbox 170 3320 1076 3408">
     <span class='ocr_line' id='line_1_24' title="bbox 170 3320 1076 3408; baseline 0.004 -22"><span class='ocrx_word' id='word_1_175' title='bbox 170 3320 264 3388; x_wconf 79' lang='lat' dir='ltr'><strong>Baris</strong></span> <span class='ocrx_word' id='word_1_176' title='bbox 287 3321 357 3388; x_wconf 87' lang='lat' dir='ltr'><strong>eius</strong></span> <span class='ocrx_word' id='word_1_177' title='bbox 380 3320 538 3388; x_wconf 87' lang='lat' dir='ltr'><strong>habuerat</strong></span> <span class='ocrx_word' id='word_1_178' title='bbox 560 3329 647 3391; x_wconf 88' lang='lat' dir='ltr'><strong>rotas</strong></span> <span class='ocrx_word' id='word_1_179' title='bbox 671 3323 747 3388; x_wconf 92' lang='lat' dir='ltr'><strong>VIII</strong></span> <span class='ocrx_word' id='word_1_180' title='bbox 770 3324 887 3408; x_wconf 89' lang='lat' dir='ltr'><strong>quibus</strong></span> <span class='ocrx_word' id='word_1_181' title='bbox 909 3324 1076 3408; x_wconf 81' lang='lat' dir='ltr'><strong>agebatur.</strong></span> 
     </span>
    </p>
   </div>
   <div class='ocr_carea' id='block_1_7' title="bbox 88 3524 1399 4229">
    <p class='ocr_par' dir='ltr' id='par_1_10' title="bbox 88 3524 1399 4007">
     <span class='ocr_line' id='line_1_25' title="bbox 169 3524 1244 3612; baseline 0.009 -24"><span class='ocrx_word' id='word_1_182' title='bbox 169 3524 289 3590; x_wconf 82' lang='lat' dir='ltr'><strong>Fuerat</strong></span> <span class='ocrx_word' id='word_1_183' title='bbox 324 3529 433 3590; x_wconf 90' lang='lat' dir='ltr'><strong>autem</strong></span> <span class='ocrx_word' id='word_1_184' title='bbox 469 3544 578 3592; x_wconf 90' lang='lat' dir='ltr'><strong>earnm</strong></span> <span class='ocrx_word' id='word_1_185' title='bbox 611 3527 748 3594; x_wconf 87' lang='lat' dir='ltr'><strong>altitudo</strong></span> <span class='ocrx_word' id='word_1_186' title='bbox 777 3526 898 3611; x_wconf 92' lang='lat' dir='ltr'><strong>pedum</strong></span> <span class='ocrx_word' id='word_1_187' title='bbox 927 3528 1034 3612; x_wconf 67' lang='lat' dir='ltr'><strong>VIe÷‚</strong></span> <span class='ocrx_word' id='word_1_188' title='bbox 1066 3530 1244 3600; x_wconf 85' lang='lat' dir='ltr'><strong>crassitudo</strong></span> 
     </span>
     <span class='ocr_line' id='line_1_26' title="bbox 89 3623 1245 3714; baseline 0.01 -25"><span class='ocrx_word' id='word_1_189' title='bbox 89 3623 205 3706; x_wconf 91' lang='lat' dir='ltr'><strong>pedum</strong></span> <span class='ocrx_word' id='word_1_190' title='bbox 227 3626 293 3709; x_wconf 89' lang='lat' dir='ltr'><strong>Ill,</strong></span> <span class='ocrx_word' id='word_1_191' title='bbox 325 3627 372 3692; x_wconf 91' lang='lat' dir='ltr'><strong>ita</strong></span> <span class='ocrx_word' id='word_1_192' title='bbox 398 3627 557 3694; x_wconf 87' lang='lat' dir='ltr'><strong>fabricata</strong></span> <span class='ocrx_word' id='word_1_193' title='bbox 584 3626 722 3714; x_wconf 88' lang='lat' dir='ltr'><strong>&lt;triplici</strong></span> <span class='ocrx_word' id='word_1_194' title='bbox 744 3628 897 3714; x_wconf 84' lang='lat' dir='ltr'><strong>materia&gt;</strong></span> <span class='ocrx_word' id='word_1_195' title='bbox 919 3633 1053 3700; x_wconf 88' lang='lat' dir='ltr'><strong>alternis</strong></span> <span class='ocrx_word' id='word_1_196' title='bbox 1075 3652 1111 3700; x_wconf 88' lang='lat' dir='ltr'><strong>se</strong></span> <span class='ocrx_word' id='word_1_197' title='bbox 1134 3640 1245 3701; x_wconf 92' lang='lat' dir='ltr'><strong>contra</strong></span> 
     </span>
     <span class='ocr_line' id='line_1_27' title="bbox 88 3721 1399 3824; baseline 0.01 -32"><span class='ocrx_word' id='word_1_198' title='bbox 88 3721 314 3806; x_wconf 80' lang='lat' dir='ltr'><strong>laubacudibus</strong></span> <span class='ocrx_word' id='word_1_199' title='bbox 330 3729 413 3795; x_wconf 92' lang='lat' dir='ltr'><strong>inter</strong></span> <span class='ocrx_word' id='word_1_200' title='bbox 427 3748 462 3795; x_wconf 90' lang='lat' dir='ltr'><strong>se</strong></span> <span class='ocrx_word' id='word_1_201' title='bbox 478 3737 702 3814; x_wconf 87' lang='lat' dir='ltr'><strong>coagmentata</strong></span> <span class='ocrx_word' id='word_1_202' title='bbox 724 3732 905 3817; x_wconf 89' lang='lat' dir='ltr'><strong>lamnisque</strong></span> <span class='ocrx_word' id='word_1_203' title='bbox 927 3735 1039 3802; x_wconf 81' lang='lat' dir='ltr'><strong>ferreis</strong></span> <span class='ocrx_word' id='word_1_204' title='bbox 1062 3755 1104 3802; x_wconf 90' lang='lat' dir='ltr'><strong>ex</strong></span> <span class='ocrx_word' id='word_1_205' title='bbox 1125 3735 1302 3818; x_wconf 56' lang='lat' dir='ltr'><strong>frigidovra,</strong></span> <span class='ocrx_word' id='word_1_206' title='bbox 1316 3782 1337 3824; x_wconf 60' lang='grc' dir='ltr'><strong>ρ,</strong></span> <span class='ocrx_word' id='word_1_207' title='bbox 1352 3769 1399 3815; x_wconf 69' lang='lat'><strong>273.</strong></span> 
     </span>
     <span class='ocr_line' id='line_1_28' title="bbox 90 3825 1245 3924; baseline 0.012 -34"><span class='ocrx_word' id='word_1_208' title='bbox 90 3825 190 3895; x_wconf 90' lang='lat' dir='ltr'><strong>ductis</strong></span> <span class='ocrx_word' id='word_1_209' title='bbox 212 3831 355 3912; x_wconf 88' lang='lat' dir='ltr'><strong>alligata.</strong></span> <span class='ocrx_word' id='word_1_210' title='bbox 390 3831 458 3897; x_wconf 84' lang='lat' dir='ltr'><strong>Eae</strong></span> <span class='ocrx_word' id='word_1_211' title='bbox 479 3832 513 3898; x_wconf 91' lang='lat' dir='ltr'><strong>in</strong></span> <span class='ocrx_word' id='word_1_212' title='bbox 536 3833 730 3919; x_wconf 88' lang='lat' dir='ltr'><strong>arbusculis,</strong></span> <span class='ocrx_word' id='word_1_213' title='bbox 754 3834 824 3901; x_wconf 85' lang='lat' dir='ltr'><strong>siue</strong></span> <span class='ocrx_word' id='word_1_214' title='bbox 848 3828 1063 3918; x_wconf 76' lang='grc' dir='ltr'><strong><em>ἇμαξόποόες</em></strong></span> <span class='ocrx_word' id='word_1_215' title='bbox 1085 3838 1245 3924; x_wconf 90' lang='lat' dir='ltr'><strong>dicuntur,</strong></span> 
     </span>
     <span class='ocr_line' id='line_1_29' title="bbox 90 3925 498 4007; baseline 0.02 -17"><span class='ocrx_word' id='word_1_216' title='bbox 90 3925 265 3998; x_wconf 82' lang='lat' dir='ltr'><strong>habuerant</strong></span> <span class='ocrx_word' id='word_1_217' title='bbox 287 3933 498 4007; x_wconf 83' lang='lat' dir='ltr'><strong>versationes.</strong></span> 
     </span>
    </p>

    <p class='ocr_par' dir='ltr' id='par_1_11' title="bbox 90 4033 1245 4229">
     <span class='ocr_line' id='line_1_30' title="bbox 171 4033 1245 4123; baseline 0.012 -26"><span class='ocrx_word' id='word_1_218' title='bbox 171 4033 251 4099; x_wconf 91' lang='lat' dir='ltr'><strong>Item</strong></span> <span class='ocrx_word' id='word_1_219' title='bbox 267 4054 365 4119; x_wconf 90' lang='lat' dir='ltr'><strong>supra</strong></span> <span class='ocrx_word' id='word_1_220' title='bbox 379 4042 587 4103; x_wconf 91' lang='lat' dir='ltr'><strong>transtrorum</strong></span> <span class='ocrx_word' id='word_1_221' title='bbox 603 4038 771 4121; x_wconf 90' lang='lat' dir='ltr'><strong>planitiem</strong></span> <span class='ocrx_word' id='word_1_222' title='bbox 788 4057 871 4121; x_wconf 89' lang='lat' dir='ltr'><strong>quae</strong></span> <span class='ocrx_word' id='word_1_223' title='bbox 894 4057 992 4123; x_wconf 89' lang='lat' dir='ltr'><strong>snpra</strong></span> <span class='ocrx_word' id='word_1_224' title='bbox 1013 4039 1116 4109; x_wconf 90' lang='lat' dir='ltr'><strong>basim</strong></span> <span class='ocrx_word' id='word_1_225' title='bbox 1140 4042 1245 4110; x_wconf 83' lang='lat' dir='ltr'><strong>fuerat</strong></span> 
     </span>
     <span class='ocr_line' id='line_1_31' title="bbox 90 4137 1243 4229; baseline 0.01 -32"><span class='ocrx_word' id='word_1_226' title='bbox 90 4138 195 4211; x_wconf 89' lang='lat' dir='ltr'><strong>postes</strong></span> <span class='ocrx_word' id='word_1_227' title='bbox 211 4143 301 4204; x_wconf 90' lang='lat' dir='ltr'><strong>erant</strong></span> <span class='ocrx_word' id='word_1_228' title='bbox 312 4138 410 4204; x_wconf 88' lang='lat' dir='ltr'><strong>erecti</strong></span> <span class='ocrx_word' id='word_1_229' title='bbox 426 4137 526 4221; x_wconf 89' lang='lat' dir='ltr'><strong>pedes</strong></span> <span class='ocrx_word' id='word_1_230' title='bbox 539 4138 657 4223; x_wconf 91' lang='lat' dir='ltr'><strong>XVIII,</strong></span> <span class='ocrx_word' id='word_1_231' title='bbox 674 4140 925 4225; x_wconf 72' lang='lat' dir='ltr'><strong>latItudinisS-1-,</strong></span> <span class='ocrx_word' id='word_1_232' title='bbox 942 4143 1163 4211; x_wconf 88' lang='lat' dir='ltr'><strong>crassitudinis</strong></span> <span class='ocrx_word' id='word_1_233' title='bbox 1177 4148 1243 4229; x_wconf 82' lang='grc' dir='ltr'><strong>ΓΖ,</strong></span> 
     </span>
    </p>
   </div>
   <div class='ocr_carea' id='block_1_8' title="bbox 0 0 1579 4986">
    <p class='ocr_par' dir='ltr' id='par_1_12' title="bbox 0 0 1579 4986">
     <span class='ocr_line' id='line_1_32' title="bbox 0 0 1579 4986; baseline 0 0"><span class='ocrx_word' id='word_1_234' title='bbox 0 0 1579 4986; x_wconf 95' lang='lat' dir='ltr'><strong> </strong></span> 
     </span>
    </p>
   </div>
  </div>
 </body>
</html>
