3134 4986
484 411 663 480 Quaestione·
680 411 888 468 Posidonianae.
1204 415 1271 476 859

107 583 199 650 Idem
222 583 329 651 iacere
351 584 484 651 minime
505 585 597 651 licuit
617 585 658 650 iis
680 586 736 669 qui
758 586 909 652 sublimia
925 583 1091 670 μετάρσια
1105 609 1267 674 nuncupa-

106 685 194 751 bant.
229 684 387 764 Quocirca
415 688 471 771 qni
495 687 619 771 primus
640 688 813 754 metarrion
835 707 949 755 vocem
971 687 1014 754 ed
1036 710 1101 756 una
1118 691 1269 760 sublimia

106 788 231 853 rettulit
241 786 484 871 Theophrastus
499 790 707 873 scriptionem
723 809 814 856 ruam
830 789 872 856 de
887 790 1076 858 sublimibus
1091 793 1145 859 vel
1160 795 1268 878 potius

106 907 180 955 eam
202 889 278 954 libri
296 882 368 956 ‘De
382 880 546 958 meteoris’
571 897 695 974 partem
711 911 777 976 qua
791 890 832 958 do
846 891 943 959 rebus
958 893 1149 961 sublimibus
1164 894 1267 962 disse-

105 992 171 1056 ruit
192 991 356 1075 inscripsit
374 985 698 1078 ‘Meocpocotoyrud'
723 994 777 1059 vol
796 985 889 1076 ‘noel
903 987 1121 1080 peccpolovss
1143 1017 1183 1064 ao
1203 1017 1268 1066 non

102 1085 428 1177 Ἤιτεωρολογικάῖ
441 1094 509 1162 Sed
519 1097 584 1162 iam
597 1098 789 1163 clamantem
801 1095 948 1164 teaudio:
957 1090 1268 1168 “haecsituterecte

108 1193 291 1278 disputasti,
314 1196 457 1262 nascitur
477 1203 512 1263 ut
533 1199 566 1262 in
582 1197 748 1265 Posidonii
767 1190 982 1282 ‘Compendio
999 1194 1264 1284 meteorologioo’

105 1297 266 1362 elementa
294 1317 400 1364 rerum
429 1300 617 1366 caelestium
640 1300 790 1384 exposita
810 1291 957 1366 fuerint.”
1005 1302 1056 1368 Ne
1078 1303 1196 1368 multu:
1219 1304 1265 1369 in·

105 1400 241 1484 scriptio
273 1400 376 1466 libelli
405 1401 494 1467 nullo
522 1408 617 1485 puoto
646 1397 817 1488 explicari
831 1407 954 1486 potest,
992 1404 1020 1470 si
1050 1423 1090 1470 eo
1119 1411 1268 1470 antuus

106 1503 262 1569 caelestia
289 1508 346 1567 aut
373 1522 437 1568 una
464 1504 616 1570 sublimia
638 1510 776 1570 tractata
796 1503 896 1570 tuisse
918 1512 1078 1588 putamus.
1123 1505 1267 1590 Expedi·

105 1611 202 1670 untur
229 1610 336 1670 antem
366 1604 462 1671 simul
490 1625 600 1671 omnes
622 1603 828 1672 difficultates
851 1606 879 1671 si
898 1598 1088 1673 ‘Elementa
1108 1615 1266 1675 meteoro-

104 1703 227 1789 logico’
259 1712 292 1772 ιι
319 1705 363 1771 ad
391 1707 548 1774 caelestes
570 1727 622 1774 res
645 1714 678 1774 ιι
698 1707 741 1773 ad
763 1706 918 1774 sublimes
939 1709 1133 1790 pertinuisse
1155 1710 1266 1777 existi·

104 1829 241 1876 mamus.
278 1807 362 1873 'Purn
385 1828 463 1875 vero
485 1809 679 1876 Posidonius
693 1810 890 1876 adiectivum
906 1808 1188 1894 μιτιωρολογικός
1202 1831 1266 1877 non

105 1912 293 1994 angustiore
309 1929 414 1994 sensu,
430 1911 476 1976 ita
491 1919 527 1977 ut
537 1911 581 1977 ad
595 1913 747 1994 μετέωρα
758 1939 801 1963 =·-
812 1931 948 1995 corpora
959 1913 1113 1979 caelestia
1123 1913 1266 1996 referret,

105 2032 279 2097 usurpasse
301 2011 480 2080 censendus
503 2019 554 2080 ιιι
575 2014 633 2081 sed
656 2015 783 2098 volgari
805 2033 869 2097 quo
892 2015 1046 2080 caelestia
1068 2019 1100 2080 ιι
1114 2014 1266 2080 sublimia

104 2113 471 2200 comprehendebantur.
506 2114 600 2194 Quod
622 2133 720 2199 quam
743 2117 875 2182 obrem
897 2117 1012 2182 feeerit
1026 2114 1115 2182 haud
1131 2115 1265 2183 difficile

103 2226 155 2284 est
177 2217 348 2300 dispicere.
382 2217 509 2301 Nempe
531 2215 684 2282 brevitati
699 2211 867 2284 consuluit
902 2215 1026 2295 Quodsi
1040 2225 1265 2300 argumentum

103 2319 210 2386 libelli
233 2325 348 2385 exacte
362 2319 546 2386 describere
561 2319 727 2402 voluisset,
751 2320 862 2385 titulus
881 2320 911 2384 oi
926 2318 1095 2401 ponendus
1111 2325 1181 2385 erat
1195 2319 1262 2386 hio:

100 2416 395 2506 ‘Merewpotoyrnri
418 2420 474 2484 καὶ
496 2416 774 2505 μεταρσιολογικὴ
801 2413 1038 2501 στοιχείωσις’.
1076 2418 1138 2497 Qui
1153 2421 1265 2488 titulus

104 2545 180 2593 enm
215 2544 329 2609 parurn
363 2521 551 2590 commodus
578 2529 679 2606 esset,
710 2521 903 2589 Posidonius
931 2521 1121 2606 simpliciter
1148 2521 1265 2587 librum

103 2647 198 2696 sunm
221 2626 397 2708 inscripsit:
417 2617 709 2711 ἰΙιιιτεωρολογιιιὴ
734 2616 970 2704 σιοιχείωσιξ.
1005 2623 1144 2690 Accedit
1162 2624 1266 2690 altere

105 2749 206 2797 causa
247 2746 347 2812 quare
373 2720 564 2794 ‘Elementa
591 2717 855 2810 meteorologioe'
890 2725 1127 2792 adumbrationi
1159 2743 1265 2792 rerum

105 2831 296 2899 caelestium
318 2836 351 2895 et
369 2829 553 2896 sublimium
570 2830 743 2896 inservisse
759 2829 938 2895 videantur.
968 2825 1138 2893 Achilleae
1150 2820 1264 2892 ‘Intro
1325 2821 1327 2826 ’

104 2924 280 3000 ductionis'
305 2931 442 3015 primurn
457 2931 588 3013 fontem,
611 2931 791 2998 Diodorum
805 2929 1073 3010 Alexandrinum,
1088 2927 1264 2994 maximam

103 3041 231 3122 partem
254 3032 472 3098 Posidoniena
500 3034 670 3116 protulisse
693 3036 897 3117 exploratum
919 3038 977 3098 est.
1021 3031 1102 3096 Item
1125 3031 1263 3097 certissi-

103 3157 193 3204 mum
210 3141 259 3201 est
273 3140 480 3218 personatum
495 3134 700 3201 Aristotelem
716 3135 879 3220 profundo
895 3134 1012 3200 haustu
1027 3131 1264 3200 Posidonianae

106 3237 298 3306 eruditionis
319 3234 433 3302 fluctus
456 3256 514 3320 per
536 3237 787 3320 disputationem
810 3257 901 3305 suam
920 3229 991 3301 ‘De
1008 3225 1143 3299 mnndo'
1170 3233 1263 3300 diffu-

104 3341 194 3407 disse
217 3339 269 3416 (ci.
286 3338 447 3405 Zellerum
469 3340 502 3404 in
520 3331 619 3405 ‘Abh
636 3339 694 3406 der
709 3339 794 3404 Borl.
810 3333 926 3404 Akad.’
947 3337 1030 3402 1885
1051 3356 1084 3420 p.
1101 3339 1264 3419 399sqq.).

105 3443 221 3525 Neque
251 3427 419 3507 obscurum
448 3446 497 3507 est
522 3441 843 3526 quampotissimum
866 3438 1033 3506 Posidonii
1056 3438 1261 3521 scriptionem

105 3545 156 3610 illi
185 3543 281 3609 ambo
308 3542 341 3607 in
364 3561 440 3608 usus
463 3561 538 3610 suos
561 3543 785 3610 converterint.
828 3542 978 3624 Namque
1001 3537 1145 3605 definitio
1166 3557 1263 3605 voca·

105 3647 175 3714 buli
197 3643 310 3710 mundi
337 3661 420 3727 quae
449 3663 470 3709 a
491 3644 621 3711 Laertio
637 3645 658 3710 l.
675 3643 737 3709 VII
755 3646 815 3709 138
845 3663 887 3710 ex
905 3635 1121 3724 ‘Compendio
1144 3648 1263 3707 meteo-

104 3737 263 3831 rologioo'
296 3732 488 3812 conservata
516 3752 579 3828 est,
607 3746 742 3812 recurrit
769 3751 802 3810 et
827 3743 915 3829 apud
937 3743 1097 3809 Achillem
1120 3748 1153 3808 ιι
1174 3743 1263 3826 apud

104 3854 313 3935 personatum
328 3849 546 3914 Aristotelem.
584 3847 758 3913 Praeterea
779 3847 867 3931 apud
890 3845 975 3912 bunc
997 3845 1049 3922 (of.
1066 3864 1136 3928 cap.
1152 3845 1197 3910 IV
1209 3847 1263 3920 20>

104 3949 274 4019 Posidonii
296 3950 471 4033 explicatio
493 3949 584 4015 iridis
607 3969 704 4032 quam
719 3949 840 4015 Laertii
861 3955 972 4014 auctor
993 3938 1262 4030 ex‘Oompendio

104 4044 372 4134 meteorologico'
404 4051 540 4134 sumpsit
562 4051 684 4118 eisdem
705 4050 805 4116 terme
828 4051 935 4117 verbis
958 4066 1112 4133 expressa
1133 4049 1261 4132 legitur.

104 4155 201 4226 Unde
224 4154 303 4221 satis
326 4158 473 4221 constare
496 4153 646 4220 existimo
667 4151 886 4219 Posidoniane
907 4169 991 4236 quse
1013 4150 1169 4218 exhibent
1184 4151 1260 4217 Dio·
