3134 4986
134 375 208 443 Quae
225 374 295 432 ratio
313 375 466 432 intercedat
482 374 554 431 inter
564 373 717 432 Vitruvium
735 381 763 431 et
774 374 945 431 Athenaeum
962 375 1157 431 mechanicum.
1194 374 1255 434 317

103 549 171 616 sive
192 545 340 632 (oblique
362 545 406 614 ad
427 544 582 632 angulos>

101 669 181 735 opus
202 650 298 716 fuerit
319 648 361 718 ad
384 649 419 716 id

99 1079 157 1145 per
178 1059 365 1127 arbusculas
388 1065 534 1126 versatas
555 1057 708 1144 progredi
731 1060 843 1143 possit.

151 1551 155 1560 ῃ
182 1465 398 1534 Conlocentur
418 1473 527 1534 autem
549 1467 681 1552 insuper
702 1421 807 1535 basim
830 1467 921 1551 tigna
943 1465 1007 1534 duo
1031 1467 1065 1533 in
1086 1473 1255 1551 utrumque

97 1574 223 1652 partem
238 1567 383 1652 proiecta
397 1567 500 1653 pedes
515 1588 620 1649 senos,
645 1587 779 1652 quorum
796 1569 883 1636 circa
896 1569 1095 1654 proiecturas
1116 1567 1255 1654 figantur

97 1671 201 1762 altera
223 1669 369 1754 proiecta
391 1670 457 1738 duo
480 1670 570 1754 tigna
591 1676 666 1738 ante
688 1670 809 1739 lrontes
832 1668 935 1754 pedes
957 1670 1022 1738 XIl

180 1995 291 2044 crassa
307 1980 339 2042 et
355 1975 424 2042 lata
439 1975 486 2042 uti
501 1975 535 2041 in
557 1975 629 2043 basi
651 1981 725 2044 sunt
747 1977 876 2060 scripta.

180 2180 318 2263 Insuper
339 2178 425 2246 banc
448 2181 705 2264 compactionem
728 2179 892 2264 erigantur
913 2183 1023 2264 postes
1045 2178 1255 2262 compactiles

96 2279 244 2366 <praeter
255 2278 424 2365 cardines>
435 2280 554 2365 pedum
566 2280 614 2348 IX
625 2280 857 2364 <crassitudine
872 2299 1002 2364 quoquo
1014 2299 1127 2348 versus
1138 2280 1252 2363 palmi·

93 2381 256 2468 pedales)¹

178 2485 354 2552 intervalla
368 2483 525 2552 babentes
540 2485 625 2551 inter
645 2503 681 2551 se
703 2483 917 2568 sesquipedis.
962 2484 1003 2550 lli
1025 2483 1255 2552 concludantur

95 2606 233 2673 superne
262 2585 522 2654 intercardinatis
556 2586 711 2654 trabibus.
768 2585 874 2669 Supra
906 2586 1014 2652 trabes
1048 2587 1256 2654 conlocentur

94 2690 238 2775 capreoli
253 2687 440 2756 cardinibus
460 2689 542 2756 alius
564 2688 599 2754 in
619 2688 719 2756 alium
743 2688 896 2771 conclusi,
919 2689 951 2754 in
974 2687 1146 2755 altitudine
1168 2689 1253 2756 exci-

93 2793 151 2858 tati
173 2789 278 2877 pedes
293 2791 388 2858 Vllll
408 2794 462 2869 (aa
476 2790 588 2869 Xll‘l).
633 2789 740 2874 Supra
762 2790 931 2874 capreolos
954 2791 1139 2858 conlocetur
1159 2787 1254 2875 <qua-

94 2889 238 2976 dratum)
256 2893 391 2976 tignum,
414 2912 479 2976 quo
502 2892 647 2977 capreoli
669 2891 912 2976 coniungantur.

175 2995 245 3080 Ipsi
272 2999 380 3062 autem
889 2995 1050 3062 laterariis
1073 2995 1160 3064 circa
1180 2994 1254 3062 lixis

94 3099 318 3165 contineantur
339 3101 552 3180 teganturque
574 3096 693 3163 tabulis
721 3097 863 3164 maxime
892 3097 1045 3182 prininis,
1074 3098 1182 3182 sinon,
1213 3117 1259 3166 ex

96 3205 203 3266 cetera
224 3199 361 3265 materia
383 3217 469 3282 quae
491 3199 633 3265 maxime
655 3197 776 3266 babere
798 3203 906 3282 potest
927 3201 1094 3282 virtutem,
1125 3205 1254 3284 praeter

297 3301 409 3384 pinum
420 3306 477 3378 aut
487 3301 607 3368 alnum.
630 3301 722 3368 Haec
733 3302 819 3370 enim
835 3307 908 3370 sunt
922 3301 1053 3385 fragilia
1068 3307 1101 3369 et
1114 3302 1254 3370 faciliter

94 3403 254 3486 recipiunt
282 3404 401 3485 ignem.
446 3401 574 3469 Circum
603 3402 749 3470 tabulata
774 3404 982 3470 conlocentur
1009 3410 1114 3472 crates
1143 3423 1185 3473 ex
1207 3411 1252 3471 te·

95 3504 212 3572 nuibus
234 3505 336 3588 virgis
358 3504 554 3571 creberrime
575 3510 686 3572 textae
699 3505 907 3591 maximeque
930 3507 1124 3591 recentibus,

179 3605 347 3692 percrudis
367 3603 372 3689 Ι
391 3606 488 3674 coriis
510 3606 694 3691 duplicibus
717 3609 859 3676 consutis
1252 3624 1309 3683 vra
1325 3640 1346 3682 p.
1361 3636 1407 3682 au·

95 3709 186 3776 fartis
208 3710 285 3792 alga
719 3716 776 3778 aut
789 3711 894 3795 paleis
909 3710 942 3777 in
964 3714 1058 3778 aceto
1081 3712 1253 3780 maceratis

95 3817 221 3894 tegatur
245 3816 312 3878 tota
337 3810 497 3878 machina.

505 3913 555 3980 Ita
576 3913 618 3979 ab
641 3912 693 3980 bis
715 3914 888 3981 reicientur
910 3915 1030 3998 plagae
1052 3916 1253 3982 ballistarum

97 4020 129 4078 et
149 4009 291 4098 impetus
313 4015 545 4084 incendiorum.

179 4116 238 4186 Est
253 4123 367 4186 autem
391 4123 423 4184 et
444 4116 535 4184 aliud
556 4137 658 4202 genus
681 4117 863 4200 testudinis,
887 4116 974 4203 quod
996 4118 1122 4202 reliqua
1144 4121 1254 4189 omnia
