3282 4968
318 387 359 446 96
735 383 874 452 Augustus
890 381 1045 436 Jtnemann

365 559 403 627 V.
427 560 462 625 P.
486 557 623 624 Helvius
646 556 810 623 Pertinax.

472 660 523 726 Ab
546 659 741 742 imperatore
755 657 864 722 Murco
880 656 1007 724 circiter
1021 675 1139 722 annum
1156 658 1226 720 170.
1242 655 1364 738 legioni
1379 675 1475 739 prae·

472 762 596 846 positus
612 766 669 828 est.
697 757 736 826 cf.
749 779 779 825 v.
793 759 876 825 Pert.
890 778 916 824 c.
930 761 948 820 2
963 763 995 824 et
1010 777 1093 842 quae
1108 777 1205 842 supra
1217 777 1248 841 p.
1263 759 1313 824 89.
1326 759 1476 841 exposui.

350 864 406 932 VI.
430 863 586 930 Claudius
607 861 684 928 Piso
706 882 738 926 n.
755 866 784 926 4.

472 965 613 1048 Legatus
629 963 767 1048 legionis
781 959 842 1028 fuit
856 981 940 1028 anno
956 964 1039 1044 207,
1063 981 1136 1028 cum
1150 980 1262 1044 annus,
1281 980 1345 1044 quo
1361 961 1473 1028 titulus

474 1066 642 1132 dedicatus
665 1070 723 1150 est,
746 1065 928 1131 nominibus
952 1063 1117 1130 consulum
1138 1064 1291 1147 arguitur.

334 1169 405 1236 VII.
427 1169 560 1252 Ignotus
582 1187 612 1231 n.
627 1170 656 1231 5.

473 1305 515 1338 τ-
545 1259 747 1335 ‘ansarum'
778 1267 942 1351 pertinere
973 1267 1101 1334 videtur
1133 1266 1176 1333 ad
1205 1266 1407 1334 Gnracnllam
1440 1271 1475 1331 et

473 1371 600 1438 (letam.

320 1476 407 1543 VIII.
430 1476 468 1541 T.
484 1475 585 1540 Iulius
600 1472 762 1538 Maximus
778 1470 832 1536 Ma
846 1521 853 1536 .
869 1520 876 1535 .
895 1519 902 1535 .
925 1469 1088 1537 Brocchus
1110 1469 1310 1537 Seruilianus
1333 1470 1372 1536 A.
1389 1468 1479 1548 Qua·

432 1576 565 1642 dronius
587 1574 623 1639 L.
640 1572 797 1638 Servilius
813 1571 909 1638 Vatia
931 1572 1062 1640 (lessius
1085 1571 1163 1640 (lam
1180 1622 1188 1638 .
1203 1622 1211 1638 .
1228 1621 1236 1638 .
1259 1593 1289 1638 n.
1305 1575 1334 1638 6.

475 1714 517 1725 —
539 1676 694 1758 temporis
716 1674 840 1740 incerti.
874 1675 913 1740 oi.
927 1667 1023 1740 ‘Ann
1039 1674 1071 1740 d.
1089 1667 1169 1742 inst?
1198 1676 1289 1740 1839.
1313 1695 1346 1758 p.
1362 1678 1432 1739 147.

349 1781 408 1847 IX.
431 1780 467 1845 L.
481 1780 583 1845 Iulius
606 1778 768 1860 Apronius
791 1775 938 1842 Maenius
960 1776 1037 1844 Pius
1060 1777 1319 1844 Salamallianus.
1343 1797 1374 1841 n.
1392 1779 1421 1842 7.

475 1881 692 1964 -temporis
715 1879 837 1945 incerti.

502 2085 539 2151 B.
568 2082 777 2150 Praefecti
805 2083 987 2166 legionis
1008 2082 1033 2147 I.
1056 2079 1297 2147 Adiutricis.

383 2239 408 2304 I.
432 2237 582 2304 Aurelius
604 2235 780 2319 SuperInus
804 2240 914 2318 (agens
937 2235 1024 2301 vices
1046 2235 1158 2317 lagati)
1182 2255 1212 2298 n.
1230 2235 1259 2299 8.

477 2339 544 2406 Sub
566 2339 698 2405 Aurelio
722 2336 858 2404 claudio
880 2357 965 2402 anno
988 2338 1060 2401 269.

367 2440 408 2507 II.
432 2441 468 2507 P.
483 2442 597 2508 Aelius
619 2441 791 2506 Marcellus
812 2460 843 2504 n.
860 2443 890 2505 9.
909 2443 958 2504 10.
977 2442 1027 2504 11.
1047 2441 1095 2502 12.

474 2543 694 2626 —temporis
717 2542 841 2608 incerti.

519 2745 555 2812 Ο.
584 2745 757 2811 Tribuni
785 2745 966 2828 legionis
992 2745 1018 2810 I.
1040 2742 1279 2809 Adiutricis.

389 2899 414 2964 I.
438 2896 477 2976 Q.
493 2898 599 2964 Attius
621 2897 750 2964 Priscus
772 2918 802 2962 ιι.
822 2901 861 2963 13
884 2899 943 2964 sub
965 2897 1084 2962 Nerva.

369 3001 410 3066 11.
434 3000 471 3065 L.
488 2999 637 3065 Minicius
652 2999 779 3064 Natalis
802 2997 1006 3076 Quadronius
1021 2998 1124 3064 Verus
1146 2996 1255 3062 Iunior
1276 3017 1307 3060 n.
1326 2999 1376 3060 14.
1402 2997 1479 3060 15a.

437 3102 609 3167 155161.
628 3101 705 3166 16b.
724 3104 773 3166 17.
789 3101 848 3166 sub
864 3099 1039 3166 Hadriano.
1073 3098 1194 3166 Consul
1215 3098 1276 3164 fuit
1297 3117 1382 3164 anno
1407 3101 1480 3163 137.

352 3204 411 3270 III.
434 3203 477 3269 Μ.
493 3201 616 3268 Statius
631 3202 760 3269 Priscus
775 3203 918 3269 Licinius
933 3201 1064 3268 Italicus
1081 3221 1112 3266 n.
1128 3201 1166 3264 18
1181 3201 1241 3267 sub
1256 3199 1316 3266 Pro
1339 3200 1482 3266 Ineunte.

434 3306 486 3371 De
514 3303 577 3370 hoc
605 3304 675 3369 viro
705 3305 870 3371 notissimo
899 3303 982 3370 duce
1010 3303 1153 3369 inbelle
1175 3299 1326 3368 Parthico
1349 3301 1482 3368 Inveni

434 3405 474 3473 cf.
489 3407 597 3490 Napp,
620 3405 661 3472 de
683 3406 754 3471 reb.
775 3407 833 3472 sub
856 3405 898 3470 M.
914 3405 988 3472 Ant.
1012 3405 1046 3470 in
1068 3403 1123 3471 Or.
1145 3409 1225 3488 gest.
1247 3423 1280 3486 p.
1297 3406 1424 3468 55-56
1447 3411 1483 3470 et

434 3509 612 3574 Mommsen
641 3508 675 3572 in
704 3507 813 3572 adnot.
835 3507 878 3573 ad
901 3508 1044 3591 titulum;
1073 3505 1241 3590 Borghesi,
1260 3497 1393 3572 ‘oeuvr’
1418 3507 1481 3572 III.

435 3629 467 3691 p.
485 3611 564 3691 2493
586 3608 764 3674 Liebcnam
785 3609 806 3672 l.
821 3609 843 3674 l.
859 3629 891 3692 p.
908 3610 959 3673 99.

357 3710 411 3777 IV.
435 3711 472 3775 P.
489 3709 653 3776 Cominius
677 3709 827 3776 Clemens
847 3731 879 3776 n.
898 3714 936 3776 19
960 3710 1018 3776 sub
1041 3707 1148 3776 Marco
1171 3710 1312 3776 ineunte.

373 3813 411 3879 V.
434 3811 470 3878 O.
486 3812 587 3878 Iulius
602 3811 778 3895 Septimius
794 3811 944 3879 (lastinus
965 3831 996 3876 n.
1012 3813 1064 3876 20.
1088 3815 1139 3877 21.
1162 3814 1221 3894 22;
1243 3811 1302 3878 sub
1318 3810 1482 3896 Septimio

435 3913 568 3980 Severo.
603 3915 717 3981 Eidem
732 3914 876 3981 dedimti
898 3919 971 3981 sunt
992 3914 1078 3979 tituli
1092 3914 1221 3980 Bramb.
1238 3917 1299 3977 520
1323 3919 1356 3978 et
1376 3911 1482 3978 arch.—

438 4016 541 4099 epigr.
556 4016 636 4083 Mitt.
652 4018 739 4084 XIV.
762 4037 793 4100 p.
811 4021 851 4083 59
868 4019 933 4094 (22)
955 4023 988 4082 et
1001 4017 1058 4081 lll.
1083 4019 1176 4082 3480.
1199 4017 1240 4082 cf.
1259 4034 1357 4098 supra
1378 4033 1410 4097 p.
1428 4018 1483 4082 79.

357 4116 412 4183 VI.
435 4115 470 4182 O.
481 4116 658 4187 Caesonius
666 4120 773 4186 Macer
785 4118 971 4227 Rufinianus
982 4139 1012 4184 n.
1022 4121 1062 4185 23
1075 4119 1134 4186 sub
1147 4117 1269 4186 Severo
1279 4115 1483 4184 Alexandro.

1017 4429 1044 4479 ἢ
