3134 4986
505 360 683 430 Quaestiones
700 359 906 416 Posidouicnce.
1227 359 1288 418 397

132 532 290 600 ποδιαίαν
312 527 391 616 ἡμῖν
415 537 606 619 φαντασίαν
622 523 836 614 ἀποπέμπει,
860 528 935 619 ἑξῆς
952 523 1032 598 αὐτὸ
1049 533 1148 598 τοῦτο
1165 529 1291 598 ἐπιδεῖ-

114 661 116 667 ’
133 634 186 713 ξαι
202 627 393 722 ὀφείλομεν,
410 626 475 701 ὅσα
491 633 525 700 ἓν
540 632 679 722 τοιαύτῃ
697 632 865 721 εἰσαγωγῇ
878 637 900 712 ¹)
918 626 1061 722 αὐτάρκη
1079 631 1161 714 ἐστι’,
1184 657 1291 715 προ-

132 735 360 832 φερόμενοι
387 729 481 802 ἰ’διοῖ
508 760 632 802 τινων
661 737 760 822 περὶ
788 734 917 819 μόνου
940 734 1091 801 τούτου
1115 735 1291 819 συντάμ-

129 863 240 922 ματα
281 836 596 926 πεποιηκότων·
646 828 698 902 uin
741 835 833 904 ἐστι
878 839 946 904 καὶ
989 834 1290 913 Ποσειδώνιος.

130 942 222 1009 Hunc
244 943 351 1010 locum
372 941 416 1010 cd
437 963 506 1010 rom
528 947 670 1008 nostram
693 941 867 1024 plurimum
889 941 996 1008 lucere
1019 942 1143 1024 opinor.
1178 939 1290 1007 (lonsi-

130 1045 248 1110 militer
270 1044 348 1110 olim
373 1044 532 1112 iudicavit
553 1043 720 1128 Zieglerus
748 1045 769 1108 l.
793 1044 832 1127 l.;
855 1050 969 1129 postea
997 1062 1075 1110 vero
1098 1043 1291 1110 sententiam

130 1165 220 1212 suam
242 1145 355 1230 ignoro
379 1147 496 1230 quibus
517 1145 696 1212 rationibus
718 1146 833 1212 ductus
856 1146 1048 1214 immutavit.

124 1311 127 1320 ,
213 1245 304 1325 Quae
333 1269 405 1316 cum
431 1251 477 1316 ita
498 1249 578 1333 sint,
607 1247 714 1314 nullus
744 1248 938 1315 dubitationi
963 1248 1095 1314 relictus
1118 1253 1167 1314 est
1189 1248 1290 1332 locus,

129 1351 206 1434 quin
235 1351 382 1418 clausula
410 1350 542 1416 alterius
570 1350 645 1416 libri
672 1370 694 1416 a
723 1350 899 1418 Gleomcdo
929 1350 1086 1434 originem
1115 1369 1206 1416 suam
1236 1369 1290 1416 ao-

128 1452 260 1535 ceperit.

213 1551 277 1631 Qui
298 1559 407 1620 eutem
429 1588 469 1598 -
493 1573 649 1637 quaerere
671 1553 762 1619 lubet
784 1589 825 1598 -
848 1553 1009 1638 Peyronio
1033 1555 1167 1638 eiusque
1189 1554 1289 1622 adsti-

129 1656 332 1740 pulatoribus
362 1657 518 1722 succurrit
547 1656 636 1720 illam
666 1661 775 1722 notam
803 1655 1022 1724 eOleomede
1050 1656 1189 1722 alienam
1219 1675 1291 1723 esse

126 1758 265 1843 putere?
300 1758 375 1824 Non
391 1757 565 1840 enuntiant,
588 1757 646 1826 sed
663 1757 810 1824 divinare
825 1757 912 1826 licet.
950 1759 1077 1842 Nempe
1100 1758 1290 1843 scriptorem

127 1859 271 1944 aliquem
292 1861 357 1926 tale
381 1860 422 1926 de
445 1879 480 1926 se
502 1859 645 1944 profiteri
668 1860 764 1943 quale
788 1858 954 1942 profitetur
977 1859 1168 1927 Oleomedes
1191 1861 1289 1944 plane

128 1963 308 2028 inauditum
331 1962 378 2028 eis
401 1962 505 2028 visum
529 1968 587 2028 est.
625 1960 870 2028 Gonsueverunt
892 1963 1024 2046 quidem
1038 1961 1186 2046 plerique
1201 1968 1288 2028 vete

127 2084 196 2130 rum
219 2064 411 2148 scriptorum
434 2062 539 2130 fontes
562 2064 647 2131 unde
668 2063 845 2131 hauserunt
859 2065 956 2130 anxie
972 2063 1155 2146 callideque
1171 2065 1288 2131 celare.

126 2166 251 2232 Tamen
273 2185 337 2231 non
360 2165 477 2232 desunt
498 2167 553 2248 qui
568 2167 663 2250 probi
677 2173 775 2249 atque
794 2165 922 2234 honesti
937 2164 1075 2232 hominis
1091 2185 1164 2232 esse
1178 2167 1288 2232 existi·

125 2258 287 2335 maverint
315 2267 459 2334 indicere
487 2287 546 2351 per
574 2288 655 2351 quos
685 2288 744 2334 sua
769 2269 964 2352 acceperint
1009 2268 1046 2332 ln
1069 2286 1132 2349 quo
1155 2287 1288 2335 numero

127 2369 162 2436 G.
193 2369 291 2437 oneo.
314 2369 437 2436 Plinius
467 2367 539 2435 Sec.
569 2375 619 2436 est
640 2370 696 2453 qui
716 2363 918 2436 ‘Naturalem
943 2359 1125 2435 historiam'
1150 2371 1289 2436 conscri-

125 2474 198 2556 psit.
247 2470 345 2538 (iuius
374 2469 415 2536 de
444 2469 509 2536 fide
538 2471 697 2538 litteraria
718 2470 992 2554 disputatiuncula
1014 2471 1180 2554 prooemio
1200 2465 1288 2538 ‘Nat

126 2567 207 2641 hist'
220 2575 341 2640 inserta
356 2572 456 2656 digna
471 2578 520 2640 est
534 2592 617 2656 quac
629 2571 774 2640 hocloco
789 2573 978 2658 adponatur.
997 2571 1045 2640 of.
1057 2592 1090 2656 p.
1105 2575 1154 2655 18,
1168 2576 1208 2638 30
1216 2593 1288 2657 sqq.

125 2677 231 2743 Detl:
251 2668 497 2758 ‘Argumentum
520 2674 615 2742 huius
638 2673 798 2742 stomachi
814 2676 878 2740 mei
894 2674 1040 2754 habebis,
1064 2674 1177 2758 inquit,
1201 2674 1289 2757 quod

125 2779 159 2844 in
193 2777 245 2843 his
279 2777 497 2844 voluminibus
530 2783 697 2844 auctorum
725 2778 858 2844 nomina
886 2777 1065 2861 praetexui.
1114 2777 1172 2842 Est
1201 2778 1287 2842 enim

125 2881 320 2963 benignum,
349 2883 384 2943 ut
411 2879 563 2959 arbitror,
594 2886 626 2944 et
647 2880 779 2962 plenum
801 2880 934 2962 ingenui
956 2877 1089 2962 pudoris
1112 2875 1207 2944 fateri
1229 2897 1288 2962 per

127 3001 208 3066 quos
238 2980 427 3065 profeceris:
458 3001 522 3046 non
549 2987 585 3048 ut
613 2981 760 3064 plerique
784 3001 826 3047 ex
849 2983 889 3047 iis
913 2999 992 3064 quos
1015 2980 1108 3062 attigi
1130 2979 1287 3045 fecerunt.

127 3081 217 3151 Scito
240 3084 325 3148 enim
348 3082 565 3149 conferentem
587 3089 735 3149 auctores
759 3103 811 3148 me
826 3081 1116 3167 deprehendisses
1131 3081 1287 3146 iuratissi-

125 3187 187 3252 mis
212 3190 245 3250 et
266 3184 422 3267 proximis
444 3190 572 3251 veteres
594 3185 820 3268 transscriptos
842 3183 886 3250 ad
908 3183 1042 3251 verbnm
1064 3202 1170 3266 neque
1185 3183 1286 3248 nomi·

125 3287 258 3365 natos.²)
280 3321 321 3332 -
345 3283 488 3352 Obnoxii
510 3287 654 3370 profecto
677 3287 778 3352 animi
800 3293 833 3351 et
854 3283 994 3352 infelicis
1016 3285 1137 3367 ingenii
1160 3291 1209 3350 est
1231 3283 1286 3349 de·

125 3386 285 3472 prehendi
306 3388 339 3452 in
361 3387 446 3453 furto
469 3389 576 3470 malle,
599 3407 696 3471 qnam
719 3395 863 3454 mutuum
887 3387 1023 3454 reddere
1046 3406 1118 3452 cnm
1141 3404 1286 3471 praescr·

126 3491 184 3555 tim
218 3509 287 3556 sors
319 3488 376 3554 liat
408 3508 450 3554 ex
483 3482 597 3556 usura.¹
652 3488 706 3556 Sic
738 3488 857 3572 probus
892 3489 947 3553 ills
976 3481 1175 3571 compilator.
1225 3486 1285 3552 (lui

126 3591 274 3657 lubenter
307 3590 526 3657 condonamus
559 3590 648 3673 quod
675 3591 832 3673 gloriolae
861 3589 1043 3674 captandae
1072 3609 1171 3656 causa
1199 3591 1285 3655 veris

127 3692 313 3758 auctoribus
344 3693 480 3758 aliorum
508 3693 700 3776 scriptorum
726 3692 858 3758 nomina
880 3711 964 3775 quoe
988 3711 1029 3757 ex
1052 3691 1117 3756 illis
1140 3691 1285 3774 expisca-

217 3859 241 3920 1)
258 3856 344 3924 Igitur
358 3857 508 3913 Cleomodis
526 3857 594 3912 hher
611 3856 698 3912 eidem
710 3857 771 3912 usui
782 3856 912 3911 inservire
929 3857 985 3912 volt
996 3861 1078 3925 etque
1092 3856 1196 3911 Gemini
1208 3856 1285 3913 εἰσα-

126 3937 205 4012 γωγὴ
223 3941 265 4007 εἰς
281 3936 317 3998 τὰ
335 3939 506 4012 φαινόμενα.

213 4029 239 4094 2)
257 4026 298 4081 cf.
320 4025 455 4082 furtorum
480 4027 632 4094 catalogum
651 4025 796 4082 Clementis
813 4027 891 4082 Alex.
909 4027 938 4080 in
951 4018 1070 4082 ‘Strom'
1088 4025 1155 4081 vla
1174 4033 1201 4081 et
1218 4026 1285 4081 Por·

127 4111 217 4182 phyrii
234 4112 308 4182 apud
325 4111 428 4170 Euseb,
448 4115 476 4168 in
489 4107 598 4182 ‘Praep
617 4104 729 4180 Evuug?
746 4111 773 4166 X
785 4116 808 4166 3.
