3270 4968
343 395 405 454 108
769 396 950 465 Eugeiburtns
968 397 1076 466 Drerup

343 566 648 652 ἐξαμαρτάνοντας,
671 565 747 633 κατ’
765 565 953 645 ἐνεστῶτα).
993 573 1065 636 125.
1082 568 1410 651 ευὸαιμονοοτατους
1425 570 1504 652 Pap.

342 700 385 725 ε
402 666 732 750 εὐδαιμονεστάτους
756 671 934 756 Sauppius:
958 667 1162 754 εὐδαίμονας
1176 677 1224 746 Λ,
1248 667 1505 752 εὐδαιμονεστέ-

343 797 423 858 ρους
447 778 483 852 Γ,
508 772 594 857 quod
612 773 804 839 Benselcrus
825 793 897 840 meo
914 773 1045 856 quidem
1060 774 1181 840 iudicio
1197 775 1315 840 iniuria
1329 776 1504 840 revocarit.

428 877 549 942 Rursus
571 877 646 942 aliis
674 877 755 942 locis
783 896 927 960 papyrus
956 876 1103 943 codicum
1132 876 1321 942 memoriam
1350 877 1504 960 sequitur,
1600 943 1601 950 ,

342 999 414 1045 cnm
429 979 470 1044 ab
487 978 665 1044 editoribus
678 979 882 1044 coniecturae
898 980 930 1043 in
946 985 1070 1045 textum
1081 984 1233 1061 receptae
1248 979 1327 1044 sint:
1353 981 1424 1044 102.
1435 971 1504 1041 ὑπὸ

341 1083 403 1166 τῆς
426 1073 531 1168 ἀρχῆς
552 1081 633 1164 Pap.
657 1079 769 1147 codd:
800 1077 864 1145 ύιτὸ
897 1078 1020 1165 ταύτης
1042 1085 1103 1164 τῆς
1125 1076 1231 1166 ἀρχῆς
1252 1079 1331 1146 edit.
1354 1081 1408 1158 (of.
1430 1079 1504 1147 Gor.
1600 1117 1601 1158 χ

341 1184 455 1249 λείπει
477 1187 590 1258 κακῶς
612 1180 651 1246 τό
677 1178 820 1267 Ταύτης,
844 1180 880 1248 ἐν
903 1187 951 1268 τῷ
974 1180 1044 1266 ἐμῷ
1061 1179 1260 1266 destructos),
1283 1179 1379 1246 καθὰ
1395 1181 1452 1246 καὶ
1468 1181 1504 1246 ἐν

341 1283 473 1370 ἑτέροις
511 1287 582 1350 τισὶ
618 1291 685 1350 τῶν
722 1283 792 1369 πρὸ
829 1283 936 1366 ἐμοῦ).
985 1282 1109 1366 ταύτης
1145 1285 1282 1352 fortasse
1318 1284 1504 1351 delendum.
1600 1313 1601 1322 ¹

343 1390 414 1453 119.
437 1393 571 1452 τοιοῦτο
596 1388 707 1455 codd:
729 1393 884 1451 τοιοῦτον
907 1387 960 1453 Bs.
985 1387 1033 1451 Bl.
1081 1391 1151 1451 145.
1174 1380 1196 1472 ἢ
1219 1384 1283 1468 ἐγὼ
1298 1386 1409 1453 codd:
1432 1383 1503 1470 ἠγώ
1600 1471 1601 1480 ¹

338 1489 391 1556 Μ’
416 1489 510 1658 I{im
534 1593 684 1676 nronysn
707 1592 888 1675 exemeras
910 1609 1054 1676 papyrus
1084 1591 1264 1674 ⁰⁰mpaf⁸¹i
1293 1610 1358 1656 '¹⁰¹¹
1386 1598 1503 1673 ''m‘’

341 1695 419 1776 qnia
440 1696 475 1758 in
497 1695 537 1760 iis
567 1695 770 1779 potissimum
800 1693 956 1777 partibus,
988 1713 1067 1777 quas
1091 1693 1267 1778 Dionysius
1296 1693 1419 1776 citavit,
1446 1693 1504 1757 ad·

339 1795 471 1862 modum
495 1798 656 1862 laceratus
681 1803 747 1880 est;
771 1797 981 1879 quamobrem
1003 1815 1100 1860 unum
1123 1801 1245 1861 tautum
1268 1794 1369 1860 affero
1392 1795 1504 1860 lectio·
1600 1835 1601 1838 =

340 1917 414 1962 nem
436 1899 628 1979 graviorem,
658 1917 741 1980 quue
765 1918 838 1964 eum
861 1899 1020 1980 Dionysio
1043 1904 1154 1963 contra
1175 1896 1305 1963 codices
1333 1899 1504 1963 convenit:

341 2005 392 2067 46.
416 2003 654 2082 λυμαινομεθα
679 2001 758 2085 Pup.
782 2020 841 2084 pr,
871 2023 936 2062 τιον
967 1999 1039 2064 adca
1069 2021 1094 2067 s.
1120 2019 1153 2066 v.
1177 1999 1252 2064 add.
1274 2019 1354 2065 corr.
1372 2025 1414 2050 =
1431 1995 1504 2085 torp
1600 2015 1601 2048 t

271 2169 273 2175 ,
339 2091 578 2184 λυμαινόμεθα
600 2102 651 2169 D:
685 2099 922 2183 λυμαινόμεθα
953 2105 984 2166 Γ
981 2106 1066 2182 ΛΠ,
1099 2093 1144 2164 δι’
1178 2095 1237 2177 οὓς
1265 2098 1503 2180 λυμαινόμεθα
1600 2141 1601 2200 ,

343 2205 460 2280 ΘαΛα,
493 2226 556 2289 quo
584 2207 673 2272 nisus
700 2205 863 2289 Sauppius
894 2201 1002 2279 ἰδίους
1032 2200 1269 2285 λυμαινόμεθα
1298 2203 1503 2286 coniectuvit,
1600 2217 1601 2234 ¹

340 2308 426 2391 quod
448 2309 659 2375 Bensclerns2
682 2310 757 2386 (not.
773 2307 815 2373 ad
840 2307 925 2373 bunc
945 2307 1018 2383 loc.)
1040 2312 1128 2372 recte
1143 2305 1224 2371 mihi
1239 2306 1396 2372 refutasse
1411 2305 1503 2371 vide·
1600 2303 1601 2308 ’

338 2416 399 2476 tur.
438 2410 558 2477 Contra
573 2411 748 2478 Benuelero
771 2410 1007 2493 Dionysianum
1029 2407 1111 2475 illud
1135 2405 1207 2491 ἰδίᾳ
1229 2406 1416 2472 defendenti
1438 2427 1504 2472 nou

339 2514 507 2596 assentior,
539 2514 626 2597 quod
656 2516 752 2579 inane
782 2512 929 2578 additum
960 2530 1032 2578 esse
1061 2529 1187 2578 censeo.
1231 2511 1346 2592 Itaque
1374 2507 1504 2592 Oorayo

339 2615 528 2699 Oobetoque
551 2635 623 2682 cnm
647 2614 769 2681 Fuhrio
792 2614 981 2698 adstipulor,
1012 2613 1068 2695 qui
1092 2607 1387 2691 ὁιαλυμαινύμεθα
1410 2613 1504 2677 resti-

338 2723 475 2782 tuerunt.
499 2719 538 2782 ci.
561 2717 607 2781 IV
631 2720 701 2782 110.

427 2818 522 2885 Solus
560 2827 668 2885 cutem
706 2819 884 2901 Dionysius
922 2817 1094 2883 lectionem
1132 2819 1150 2892 §
1184 2820 1241 2880 41:
1278 2809 1503 2898 ἐγκωμιάζειν

340 2917 500 3002 ἀξιοῦμεν
523 2921 667 3004 tradidit,
690 2941 763 2987 cum
788 2940 931 3004 papyrus
954 2918 1120 2985 codicibus
1151 2915 1425 2984 consentientibus
1447 2913 1505 2996 iy-

339 3020 521 3102 κωμιάζειν
544 3021 663 3104 ἔχομεν
686 3024 850 3108 praebeat.

425 3126 493 3191 Ium
515 3125 559 3190 ad
581 3145 638 3192 eus
660 3127 778 3210 papyri
801 3125 957 3191 lectiones
972 3123 1131 3204 venimus,
1155 3121 1321 3204 inquibus
1344 3139 1393 3202 ea,
1418 3137 1504 3202 quae
1600 3191 1601 3194 Ἴ

338 3228 490 3294 librarius
525 3233 726 3309 exaraverat,
763 3233 878 3310 postea
911 3230 1054 3291 correcta
1086 3229 1169 3304 sunt,
1203 3223 1320 3306 quibus
1353 3220 1506 3288 codicum

337 3330 573 3396 Isocrateorum
605 3328 759 3396 historiae
781 3329 886 3393 lucem
914 3325 1039 3392 offundi
1062 3325 1256 3392 videbimus.
1301 3325 1407 3406 Atque
1437 3325 1504 3405 pri-

339 3451 426 3498 mum
458 3432 550 3498 aliud
583 3430 737 3498 orationis
770 3424 824 3495 ‘dc
853 3426 943 3512 pace'
980 3428 1147 3511 exemplar
1174 3427 1347 3492 correctori
1375 3459 1418 3470 -
1447 3425 1505 3488 vel

339 3535 584 3618 correctoribus,
618 3551 698 3616 quos
728 3533 866 3614 Kenyon
895 3531 974 3597 satis
1003 3531 1174 3614 perspicue
1201 3548 1266 3594 nou
1294 3527 1437 3594 seiunxit
1457 3559 1506 3570 ·-

338 3641 469 3718 praesto
491 3635 592 3702 fuisse
616 3656 659 3701 ex
673 3635 783 3700 multis
798 3635 864 3698 iliis
879 3631 1131 3698 correctionibus
1146 3631 1359 3714 cognoscitur,
1382 3628 1504 3711 quibus

339 3737 506 3804 Urbiuatis
528 3738 686 3804 lectiones
714 3756 773 3820 pro
796 3735 937 3818 vulgetis
965 3740 1139 3799 revocatae
1168 3739 1242 3820 sunt
1269 3737 1325 3797 uut
1346 3731 1504 3812 vulgatae

338 3840 494 3905 lectiones
517 3839 683 3906 Urbinutis
705 3839 894 3905 memorium
917 3838 989 3903 loco
1006 3842 1185 3901 moverunt.
1230 3835 1271 3900 nt
1292 3853 1352 3900 eae
1367 3832 1504 3916 quidem

338 3941 505 4024 lectiones,
541 3961 624 4024 quae
654 3941 793 4025 primum
824 3959 898 4006 eum
920 3939 1077 4006 Urbinute
1106 3938 1243 4018 stabant,
1278 3935 1329 4002 his
1357 3937 1439 4002 locis
1469 3937 1505 3998 iu

340 4044 490 4125 vulgatas
508 4049 671 4110 correctae
688 4050 770 4125 sunt,
795 4061 858 4124 quo
874 4059 1112 4122 nonnumquam
1128 4058 1207 4105 vera
1221 4039 1372 4106 Isocratis
1386 4056 1506 4102 munus

337 4144 472 4210 reducta
494 4151 559 4212 est:
