3270 4968
325 388 365 454 18
749 385 929 456 Engelbertus
945 384 1054 454 Drsrup

411 563 504 638 §tib
550 556 718 635 σιτοδίαις
741 563 772 622 Γ
790 579 849 642 pa,
878 555 1064 633 σιτοδείαις
1092 577 1173 624 corr.
1200 554 1241 637 1¹³,
1265 578 1317 640 γρ.
1347 555 1486 620 σιτοδο-

325 666 415 738 τίαις
437 663 471 729 in
493 682 557 745 mg.
581 660 657 728 add.
680 663 715 727 2:
740 659 837 726 σιτοὸ
860 683 915 738 αις
938 663 970 724 A
990 681 1049 744 pr,
1073 682 1103 724 ει
1124 659 1290 745 supplevit
1314 663 1354 724 1⁸.

412 785 431 858 ξ
456 784 526 847 131.
551 781 773 860 εξισωσονσιν
797 784 828 843 Γ
852 801 911 864 pa,
942 761 1162 860 τξίσωσοῦσιν
1186 798 1266 846 corr.
1284 783 1304 842 4
1319 807 1360 828 =
1375 781 1408 842 A
1422 797 1484 862 pr.,

325 881 546 964 ἐξισώσουσιν
569 901 649 949 corr.
677 885 716 948 1².

412 985 439 1050 I}
462 985 577 1052 ceteris
600 1002 729 1068 quoque
747 984 945 1051 orationibus
961 983 1112 1066 exempla
1127 1002 1232 1068 pauca
1247 981 1394 1066 quamvis
1417 1001 1484 1048 non

326 1089 374 1154 ita
396 1086 611 1171 significantia
632 1105 796 1153 arcessere
818 1087 931 1153 liceat:

412 1207 445 1271 II
467 1209 518 1272 23.
543 1203 671 1289 ὁιαθῇς
693 1207 724 1267 Γ
742 1224 801 1288 pr,
826 1203 986 1288 διατίθης
1009 1204 1069 1270 litt.
1093 1223 1164 1269 unc.
1181 1204 1213 1268 in
1236 1223 1300 1286 mg.
1316 1201 1391 1268 add.
1413 1223 1482 1286 pr.:

326 1311 360 1375 in
383 1313 415 1372 A
434 1307 563 1393 syllaba
586 1311 654 1390 θῇς
677 1307 710 1372 in
733 1307 848 1374 lacuna
863 1327 884 1373 a
898 1313 1077 1374 correctore
1094 1309 1113 1370 2
1128 1306 1257 1372 videtur
1272 1325 1344 1372 esse
1359 1304 1483 1371 addita.

326 1413 376 1476 29.
407 1415 539 1491 χαίρειν
562 1413 593 1472 Γ
615 1429 674 1492 pr,
705 1407 869 1473 διατελεῖν
898 1409 958 1476 litt.
982 1429 1052 1475 unc.
1082 1409 1115 1474 in
1145 1428 1209 1490 mg.
1239 1407 1314 1474 add.
1348 1427 1412 1492 pr.:
1447 1409 1482 1473 In

324 1515 357 1576 A
367 1515 499 1594 χαίρειν
520 1512 554 1577 in
568 1509 718 1594 lacunam
732 1529 754 1576 a
768 1517 947 1578 correctore
963 1514 982 1574 2
998 1511 1151 1577 insertum
1167 1515 1225 1576 est.
1264 1512 1314 1575 32.
1332 1507 1484 1594 κτήματα

324 1618 355 1677 Γ
372 1634 432 1698 pr,
462 1609 567 1696 κτητὰ
590 1613 624 1676 in
646 1632 710 1694 mg.
733 1609 809 1678 add.
833 1615 863 1694 3,
894 1610 1061 1695 κτη..τὰ
1091 1631 1170 1679 corr.
1195 1615 1230 1676 4:
1261 1635 1321 1695 κτη
1339 1610 1428 1676 ..τὰ
1452 1615 1486 1677 Δ

325 1715 461 1791 (duabus
483 1715 543 1780 litt.
567 1715 671 1792 eras).

410 1817 456 1882 IV
478 1819 529 1881 91.
554 1814 730 1900 ζηλοῦντες
756 1819 787 1878 Γ
804 1835 852 1898 pr.
876 1817 908 1878 A
933 1835 997 1900 pr.:
1032 1813 1208 1900 ζητοῦντες
1238 1818 1269 1878 Γ
1288 1835 1368 1882 corr.
1391 1818 1422 1899 2,
1453 1821 1487 1881 A

325 1938 405 1985 corr.
432 1923 458 1982 1.

412 2069 493 2135 XIII
518 2071 566 2134 18.
593 2068 768 2134 ὁικεῑσθαι
790 2073 821 2132 Γ
838 2090 898 2153 pr„
928 2034 1105 2133 ericusa
1133 2089 1213 2136 corr.
1236 2073 1272 2134 4:
1303 2034 1484 2135 tcz‘t‘srcuac

326 2173 358 2238 in
382 2192 443 2238 ras.
467 2176 498 2236 A
519 2192 598 2239 corr.
624 2174 651 2237 3.
697 2175 748 2235 21.
774 2167 986 2256 δικαιοσύναι
1009 2175 1039 2234 Γ
1058 2191 1105 2256 pr.
1122 2175 1154 2234 A
1170 2191 1236 2256 pr.;
1261 2195 1272 2234 ι
1297 2190 1424 2239 erasum
1446 2173 1481 2248 in

326 2277 356 2338 Γ
375 2283 406 2341 et
429 2278 470 2340 A.
1001 2293 1003 2298 ’

413 2375 582 2442 Dubitatio
606 2376 702 2460 enim,
726 2394 808 2459 quae
824 2375 990 2441 librarium
1007 2373 1129 2441 codicis
1145 2375 1295 2442 Vaticani
1311 2377 1482 2447 manifesto

327 2479 493 2558 continuit,
524 2480 720 2544 commoveri
741 2499 805 2543 non
832 2477 946 2562 potuit,
975 2477 1038 2542 nisi
1067 2496 1109 2543 ex
1137 2477 1261 2545 duabus
1290 2479 1482 2548 lectionibus

326 2581 429 2646 altera
451 2578 603 2662 eligenda
626 2586 703 2646 erat.
741 2579 929 2646 Geminatas
952 2583 1059 2643 autem
1082 2577 1246 2662 lectiones,
1271 2599 1352 2663 quas
1376 2581 1482 2648 codex

325 2680 466 2748 Urbinas
488 2681 633 2763 praebet,
656 2681 866 2765 perlongum
890 2678 1037 2747 codicum
1060 2681 1176 2747 seriem
1192 2682 1394 2750 continuatas
1410 2703 1482 2751 esse

326 2782 526 2848 verisimile
555 2803 619 2848 non
641 2784 777 2850 videtur.
822 2781 889 2848 Sed
923 2783 1092 2865 quominus
1114 2781 1260 2848 codicem
1290 2783 1482 2850 Vaticanum

326 2902 369 2949 ex
399 2885 470 2967 ipso
505 2882 617 2950 codice
650 2883 805 2952 Urbinate
838 2883 1034 2968 descriptum
1066 2902 1136 2950 esse
1169 2894 1349 2968 sumamus,
1387 2889 1484 2971 copia
1568 2949 1572 2953 .

325 2985 499 3051 lectionum
536 2985 578 3052 ab
611 2984 767 3052 Urbinate
804 2985 1019 3052 differentium
1057 2983 1220 3069 prohibet,
1259 2986 1346 3070 quod
1379 2989 1482 3056 altero

326 3087 543 3169 comprobabo
573 3094 778 3172 argumento,
802 3108 874 3154 cum
908 3088 949 3153 de
986 3087 1263 3154 emendationibus
1294 3091 1482 3158 correctoris

324 3187 421 3270 primi
443 3186 586 3256 dicturus
610 3209 689 3255 sum.

411 3307 532 3392 Restat,
557 3314 591 3374 nt
611 3327 666 3374 eas
683 3309 861 3374 orationum
885 3314 1003 3391 partes,
1027 3327 1107 3392 quas
1130 3307 1235 3374 codex
1251 3307 1425 3376 Vaticanus
1448 3311 1483 3377 in

292 3413 293 3416 ’
326 3409 471 3476 oratione
487 3409 550 3484 ,de
567 3410 823 3493 permutatione“
840 3410 1020 3493 exscripsit,
1040 3415 1182 3476 tractem.
1221 3409 1379 3477 Iudicium
1396 3413 1483 3478 enim

326 3510 369 3576 de
391 3511 526 3594 ratione,
550 3529 647 3594 quam
670 3511 753 3576 inter
769 3510 957 3578 Urbinatem
980 3517 1013 3576 et
1028 3511 1217 3578 Vaticanum
1233 3511 1362 3579 codices
1385 3515 1482 3580 inter·

326 3611 441 3679 cedere
464 3613 643 3696 statuimus,
668 3631 707 3678 eo
730 3613 851 3678 turbari
874 3612 1012 3696 videtur,
1042 3614 1138 3696 quod,
1169 3635 1240 3681 cum
1268 3616 1301 3680 in
1325 3615 1482 3683 Urbinate

326 3713 427 3780 verba
450 3715 707 3781 exorationibus
728 3715 771 3796 II,
793 3714 849 3792 IV,
873 3715 949 3780 VIH
965 3712 998 3781 in
1013 3715 1153 3782 antidosi
1170 3717 1269 3782 allata
1284 3717 1396 3802 primis
1412 3724 1481 3783 tan·

326 3822 393 3881 tum
408 3821 505 3898 atque
521 3816 642 3882 ultimis
655 3817 763 3882 verbis
779 3815 960 3898 significata
975 3817 1046 3900 sint,
1063 3817 1168 3883 codex
1183 3819 1356 3886 Vaticanus
1379 3826 1482 3886 totum

327 3918 507 3983 orationum
530 3923 715 3984 contextum
738 3917 883 3985 exhibet.
928 3918 1011 3984 Nam
1041 3939 1114 3985 cum
1143 3919 1247 3987 codex
1271 3921 1411 3988 Urbinas
1442 3941 1482 3989 eo

326 4020 472 4104 quidem,
507 4039 603 4104 quem
638 4041 679 4088 cx
714 4022 857 4088 oratione
891 4027 1024 4096 „contra
1055 4020 1238 4106 sophistas“
1273 4023 1306 4088 in
1339 4022 1483 4090 antidosi

326 4121 474 4188 laudavit
495 4120 578 4206 loco,
602 4123 730 4190 codices
756 4125 825 4186 ΘΛ
847 4129 955 4189 autem
982 4123 1015 4188 in
1044 4125 1191 4192 omnibus
1221 4125 1418 4192 orationibus
1448 4127 1483 4192 in
