3170 4984
262 401 305 457 De
321 400 443 458 lontibus
461 401 585 473 Dionysii
604 401 852 458 Halicarnassensis
872 402 1043 472 quaestiones
1061 403 1161 460 variae.
1234 404 1298 463 229

136 575 260 660 gnatius
283 575 421 660 spatium
445 574 637 642 Plutarchus
659 574 799 641 Antiatis
826 577 1042 644 narrationem
1066 575 1196 644 videtur
1224 598 1298 647 coe·

134 679 238 762 gissa,
267 685 375 746 tamen
402 678 492 744 nulla
520 677 721 744 dubitatione
743 677 858 743 relicta
888 679 1027 761 cognovi
1055 678 1299 752 diversissimas

134 780 235 848 fuisse
250 781 390 848 Antiatis
413 786 445 846 et
467 781 607 846 auctoris
624 779 774 862 Dionysii
797 779 980 846 relationes.
1018 779 1085 846 Sed
1106 792 1298 865 argumenta

135 880 231 949 huius
245 883 424 948 sententiae
440 900 561 966 quaeso
577 879 658 946 mihi
673 881 829 965 remittas,
853 888 888 947 ut
907 883 1016 966 potius
1032 885 1297 954 consuetudinem

135 985 298 1068 quandam
313 985 477 1050 annalium
500 984 693 1067 scriptorum
716 983 794 1050 olim
809 984 888 1050 viris
911 983 1015 1050 doctis
1038 987 1208 1072 cognitam,
1232 1008 1298 1073 qua

134 1086 325 1170 saepissime
341 1095 468 1153 tenuem
485 1085 692 1170 pristinorum
705 1092 886 1169 temporum
901 1086 1087 1152 memoriam
1101 1097 1296 1160 exornantes

133 1186 184 1252 illi
206 1188 256 1254 usi
279 1194 361 1274 sunt,
385 1208 470 1255 noro
486 1183 637 1270 exemplo
653 1207 696 1254 ex
718 1187 780 1252 hac
795 1187 945 1272 Dionysii
961 1193 1053 1271 parte
1068 1192 1206 1273 repetito
1224 1194 1297 1261 illu·

134 1295 248 1356 strem:
271 1309 388 1373 nempe
404 1310 456 1357 res
474 1291 684 1373 institutaque
699 1297 797 1372 atque
813 1290 911 1356 etiam
925 1289 1013 1356 iacta
1027 1309 1106 1357 snae
1121 1294 1237 1362 aetatis
1252 1295 1297 1362 ad

133 1392 361 1475 antiquissima
371 1399 518 1476 tempora
528 1393 702 1460 hansferre
717 1391 874 1459 solebant.
902 1389 997 1470 Quod
1009 1391 1063 1459 hio
1075 1395 1170 1460 etiam
1185 1404 1298 1465 auctor

133 1491 286 1577 Dionysii
308 1495 401 1578 iecit,
425 1501 459 1560 ut
480 1494 659 1576 pleniorem
681 1511 788 1559 rerum
811 1494 986 1575 imaginem
1009 1501 1084 1561 ante
1107 1499 1217 1564 oculos
1239 1519 1296 1584 po-

133 1601 235 1662 neret.
280 1596 508 1680 Explicaturns
532 1597 627 1678 enim,
652 1595 814 1679 quomodo
837 1615 948 1680 pugna
961 1595 1113 1666 Aniensis
1136 1600 1297 1667 concitata

134 1699 185 1781 sit,
210 1697 293 1765 haec
314 1699 383 1764 fere
404 1697 445 1776 (V
461 1701 548 1782 37,4
572 1705 605 1764 et
627 1699 679 1774 38)
702 1704 825 1763 narrat:
854 1698 1018 1766 Romanos
1043 1701 1077 1764 in
1099 1700 1202 1768 altera
1223 1704 1297 1788 ripa

134 1801 286 1883 Anienis,
316 1801 350 1865 in
371 1801 474 1865 altera
496 1798 635 1866 Sabinos
664 1801 696 1864 in
720 1801 833 1867 castris
856 1820 928 1867 sese
951 1802 1110 1886 tenuisre;
1140 1803 1199 1870 sed
1222 1825 1295 1872 eum

133 1903 254 1968 milites
276 1902 422 1968 nonnulli
438 1909 470 1967 et
484 1902 701 1968 Romanorum
726 1908 758 1967 et
780 1901 920 1968 hostium
936 1911 1132 1986 aquarentnr
1147 1911 1180 1972 et
1194 1925 1296 1992 equos

133 2004 176 2069 ad
199 2009 311 2087 potum
335 2003 518 2086 duxissent,
540 2003 677 2087 accidit,
708 2011 743 2070 ut
764 2005 862 2087 pauci
884 2005 989 2089 primo
1012 2006 1295 2092 congrederentur,

133 2106 250 2189 quibus
280 2125 352 2173 cnm
382 2125 425 2172 ex
453 2105 598 2188 utrisque
627 2106 741 2172 castris
763 2106 821 2170 alii
844 2112 876 2172 et
903 2107 961 2172 alii
989 2108 1113 2174 auxilio
1136 2111 1294 2194 venirent,

131 2208 342 2292 factumest,
371 2215 407 2274 ut
428 2207 569 2291 deniqne
598 2207 658 2290 ipsi
684 2206 782 2273 duoes
809 2207 852 2273 ad
882 2209 1042 2274 exercitus
1072 2210 1106 2274 in
1135 2213 1294 2296 proelium

133 2308 299 2377 ducendos
314 2311 531 2378 incitarentur.
568 2309 620 2374 Ab
637 2308 759 2375 eisdem
774 2315 883 2375 autem
898 2309 995 2376 rebus
1010 2329 1045 2376 re
1060 2330 1140 2378 vera
1154 2332 1294 2398 pugnam

132 2411 182 2478 ad
205 2411 341 2496 Aquas
364 2411 533 2478 Sextias
560 2411 765 2477 commissam
795 2411 922 2476 initium
952 2413 1079 2496 cepisse
1102 2414 1294 2484 Plutarchus

133 2521 182 2580 est
204 2515 296 2582 testis
318 2515 352 2579 in
374 2515 443 2580 vita
465 2512 559 2579 Marii
582 2511 746 2596 cap.19.¹)

220 2717 381 2802 Sequitur,
397 2725 433 2784 nt
447 2717 488 2784 de
504 2723 669 2804 postrema
684 2723 776 2801 parte
793 2737 912 2800 earum,
936 2717 977 2784 de
996 2719 1113 2802 quibus
1128 2720 1294 2788 Plutarchi

132 2829 166 2888 et
187 2820 339 2906 Dionysii
361 2821 561 2886 narrationes
584 2818 820 2903 comparandas
845 2819 927 2885 mihi
950 2822 1115 2905 proposui,
1137 2823 1294 2890 iudicium

131 2922 267 2990 faciam:
290 2923 392 2988 Plnt.
416 2922 528 2988 Pnhl.
552 2943 579 2989 c.
603 2925 641 2986 21
660 2940 707 3005 sq.
732 2928 770 2987 et
792 2921 907 2987 Dion.
931 2921 1112 2990 voe-43.
1150 2923 1216 2990 Sed
1240 2925 1295 2994 hic

132 3043 263 3110 quoque
285 3025 364 3093 satis
386 3023 515 3092 habebo
537 3025 743 3108 paucissimis
765 3023 992 3108 adumbrasse,
1022 3044 1181 3108 quaenam
1209 3029 1293 3094 ratio

132 3130 216 3196 inter
237 3129 404 3211 utriusque
425 3127 598 3193 memorias
614 3125 802 3192 intercedat.
841 3125 977 3192 Videtur
990 3132 1099 3192 autem
1117 3128 1292 3212 simillime,

131 3250 172 3298 ac
194 3229 345 3297 debello
367 3228 503 3296 Etrusco
525 3227 683 3310 vidimus,
707 3227 858 3311 Dionysii
880 3228 1021 3294 narratio
1045 3248 1087 3294 ex
1110 3247 1164 3311 ea,
1196 3249 1292 3314 qnam

132 3331 326 3400 Plutarchus
341 3329 459 3414 reddit,
475 3329 616 3397 deducta
631 3335 664 3395 et
674 3328 872 3412 amplificata
884 3349 965 3396 esse.
993 3330 1077 3396 Nam
1093 3331 1180 3397 idem
1194 3333 1292 3399 totius

131 3454 262 3520 pugnae
285 3434 471 3516 consilium,
495 3431 630 3499 eaedem
653 3437 738 3498 artes
761 3432 1006 3514 imperatoriae,
1036 3432 1123 3498 idem
1147 3439 1292 3518 eventus,

132 3557 216 3622 quae
239 3536 327 3622 apud
349 3533 558 3602 Plutarchum
584 3531 703 3616 habes,
732 3534 840 3599 omnia
867 3535 935 3600 fere
958 3535 1056 3600 etiam
1085 3535 1118 3600 in
1142 3535 1292 3621 Dionysii

131 3640 317 3706 narratione
345 3643 577 3722 agnoscuntur,
606 3655 801 3719 quamquam
828 3636 902 3718 plus
930 3638 1078 3704 minusve
1107 3639 1292 3723 immutata;

131 3761 238 3828 panca
267 3747 390 3807 tantum
413 3740 544 3806 omnino
570 3736 804 3804 desiderantur.
849 3738 1063 3805 Accesserant
1090 3740 1176 3805 enim
1204 3740 1292 3823 apud

131 3843 326 3929 Dionysium
357 3849 390 3910 et
417 3861 520 3909 novus
543 3839 684 3908 hostium
708 3840 887 3922 exercitus,
916 3840 968 3906 cni
996 3840 1072 3906 Sex.
1096 3833 1292 3925 Tarquinius

131 3945 313 4030 praefuisse
329 3945 456 4025 dicitur,
473 3950 506 4010 et
520 3964 606 4011 nova
622 3943 767 4028 consilia,
784 3943 967 4025 certamina,
990 3963 1175 4028 novumque
1190 3943 1291 4028 qnod·

220 4167 244 4230 l)
263 4163 303 4218 ct.
322 4163 389 4219 Ihne
401 4157 493 4221 ‘Rom
513 4156 620 4220 Geach.’
639 4163 663 4219 V
684 4165 741 4228 185,
759 4161 910 4216 Mommsen
924 4155 1013 4218 ‘Rem
1027 4153 1134 4217 Gesch.'
1152 4161 1180 4215 11
1200 4164 1257 4216 183.
