3170 4984
253 368 297 424 De
313 367 435 425 fontibus
452 367 578 439 Dionysii
594 366 845 424 Halicarnassensis
863 367 1037 439 quaestiones
1054 368 1154 424 variae.
1226 367 1288 428 253

126 544 296 611 coniuncta
318 547 400 626 sunt,
423 561 464 608 ea
485 547 518 608 et
539 541 698 608 aLutinis
720 541 904 609 auctoribus
929 548 961 608 et
982 561 1003 607 a
1024 541 1183 626 Dionysio
1206 540 1287 607 iudi-

127 645 272 713 cabimus
294 663 391 730 posse
414 644 635 727 conglutinate
657 661 746 727 esse;
769 663 853 728 qnae
870 663 948 710 vcro
971 644 1018 710 ita
1039 650 1113 710 sunt
1135 645 1288 710 contemi-

124 752 212 828 nata,
231 751 267 813 ut
281 746 379 832 plane
393 765 479 812 nova
494 746 636 812 evaserit
651 745 817 828 memoria;
833 746 938 812 altera
954 745 1139 811 narratione
1155 746 1288 813 alterius

125 849 232 931 gratia
258 855 315 914 aut
340 847 489 913 mutilata
517 853 574 913 aut
595 847 779 930 immutata,
808 865 849 912 ea
870 846 913 913 ab
935 846 1008 930 ipso
1031 846 1190 930 Dionysio
1214 866 1288 914 con-

124 951 198 1016 fusa
219 970 291 1017 esse
312 949 512 1033 negabimus.
552 947 659 1033 Saepe
681 954 790 1015 autem
813 948 918 1032 magis
940 949 1053 1016 sentiri
1075 967 1173 1032 quam
1196 949 1288 1015 intel-

124 1052 191 1135 legi
204 1051 343 1134 videtur,
365 1056 472 1116 utrum
493 1068 545 1117 res
567 1049 766 1133 aDionysio
788 1049 889 1115 variis
913 1068 931 1115 e
951 1048 1093 1116 fontibus
1116 1056 1289 1134 congestae

125 1155 206 1237 sint,
236 1174 278 1220 an
300 1153 343 1220 ab
365 1157 497 1218 anctore
519 1151 635 1218 Latino
665 1152 731 1218 iam
762 1151 952 1230 coniunctae
973 1150 1110 1238 fuerint,
1133 1153 1288 1238 paucissi-

124 1255 252 1338 misque
275 1254 356 1321 loeis
379 1272 456 1320 vere
479 1254 632 1338 cognosci
653 1273 693 1320 ac
715 1253 857 1320 discerni
878 1259 995 1337 potest.

211 1354 320 1435 Quare
342 1354 384 1422 de
406 1355 479 1422 loco
502 1353 570 1440 illo,
593 1355 715 1439 dequo
737 1375 822 1422 nunc
843 1355 980 1438 agimus,
1003 1373 1045 1421 nc
1062 1354 1104 1420 de
1126 1374 1161 1421 re
1180 1354 1289 1438 dubia,
1410 1385 1412 1390 v

124 1478 211 1543 quae
233 1459 290 1525 vix
312 1456 485 1524 diiudicari
507 1457 635 1543 poterit,
659 1456 828 1524 videamur
850 1456 1026 1524 decernere
1044 1457 1140 1538 velle,
1163 1457 1198 1524 id
1221 1463 1289 1524 tan·

123 1566 192 1626 tum
208 1561 307 1628 liceat
321 1558 459 1626 addere:
483 1559 795 1643 hancDionysii
818 1558 866 1626 de
889 1559 1179 1626 coniuratione
1201 1561 1289 1643 ple-

122 1661 310 1728 beiorum
346 1661 641 1743 narrationem,
678 1662 852 1728 maxime
883 1662 929 1729 de
959 1661 1191 1729 coniuratis
1224 1681 1289 1746 op·

123 1762 781 1848 pressisetsnpplicioadfectis,
805 1762 1035 1831 sinedubio
1052 1783 1101 1830 cx
1118 1771 1290 1832 auctore

123 1863 357 1938 Sullaeent
378 1865 543 1947 aequali
559 1871 627 1931 ant
650 1871 762 1932 certe
783 1885 862 1931 non
884 1867 1101 1950 superiore
1118 1886 1209 1933 esse
1225 1865 1289 1933 de-

122 1973 334 2051 sumptam.
378 1965 463 2032 Num
493 1964 546 2034 hio
569 1984 714 2051 quoque,
744 1972 779 2032 nt
806 1967 840 2032 in
862 1967 1033 2035 Liciniana
1053 1975 1163 2053 perte,
1193 1988 1291 2053 quam

121 2067 243 2134 vocavi
267 2065 307 2143 (V
330 2068 486 2150 59—77),
515 2068 572 2135 ille
594 2070 732 2153 scriptor
753 2075 821 2136 tota
843 2071 1075 2138 coniurationis
1098 2069 1235 2138 historia
1256 2070 1290 2136 id

119 2169 268 2236 maxime
290 2167 419 2236 videtur
446 2187 560 2253 agere,
590 2177 626 2236 ut
647 2171 855 2255 pristinorum
885 2171 1052 2240 hominum
1084 2173 1290 2259 sapientiam,

122 2269 390 2353 moderationem,
414 2272 619 2338 clementiam
636 2273 730 2356 quusi
749 2274 936 2357 exemplum
958 2273 1149 2340 imitandum
1170 2295 1290 2359 aequa·

124 2371 209 2441 libus
225 2379 394 2456 proponat,
406 2373 583 2458 praecipue
597 2380 705 2440 autem
718 2394 843 2440 summo
858 2373 990 2442 fastidio
1002 2375 1156 2444 abhorret
1170 2377 1289 2443 adele-

123 2479 230 2541 tornm
253 2473 559 2542 denuntiationibus.

210 2573 307 2653 Quod
329 2576 489 2661 reliquum
515 2584 575 2663 est,
597 2583 695 2662 eaput
717 2577 831 2644 Dion.
854 2575 884 2645 V
907 2579 948 2644 58
971 2579 1025 2655 (de
1047 2601 1131 2647 enno
1154 2600 1183 2646 a.
1207 2599 1238 2646 u.
1263 2600 1290 2646 c.

124 2677 263 2756 255i499
286 2697 316 2742 a.
331 2676 406 2744 (ihr.
429 2681 474 2758 n.)
496 2699 609 2746 ansam
630 2699 695 2746 non
716 2681 861 2764 praebet,
885 2701 951 2766 quc
965 2683 1037 2766 quis
1060 2683 1103 2749 ad
1125 2688 1290 2750 auctorem

125 2778 386 2862 cognoscendum
409 2782 457 2847 uti
478 2783 590 2865 possit
