3282 4968
313 360 375 420 134
549 381 555 396 ·
743 358 883 424 Augustus
900 355 1053 412 Juncmann

397 555 428 598 n.
447 534 518 597 182.
1242 527 1343 594 Pann.
1360 547 1431 611 sup.

354 636 411 704 III.
436 636 530 698 4452.
1251 627 1414 696 Carnunti.

396 737 478 820 Imp.
495 734 587 801 caes.
602 729 613 816 Ι
627 733 668 800 Μ.
685 732 761 798 Aur.
778 729 941 798 Antonino
962 729 971 813 A
991 732 1047 815 pio
1070 732 1158 798 felici
1180 729 1189 813 A
1210 730 1346 813 August.
1362 729 1371 814 ss
1385 731 1478 797 Part.

311 839 398 905 Max.
416 838 507 902 Britt.
524 836 610 902 Max.
624 831 633 917 l
647 835 760 920 pontif.
784 854 870 900 max.
887 835 959 900 trib.
976 839 1041 916 pot.
1057 828 1166 916 lxvi
1183 834 1259 916 imp.
1277 833 1317 898 Π.
1334 852 1397 898 cos.
1414 833 1478 900 ΠΙ.

312 941 415 1021 desig.
437 937 447 1013 t
469 938 541 1003 1111.
564 957 596 1019 p.
619 955 651 1019 p.
674 955 742 1018 pro.
773 955 837 1002 cos.
860 932 870 1017 fl
892 935 1084 1002 corniculari
1105 931 1115 1018 ss
1137 935 1443 1001 commentarienses
1466 931 1479 1016 A

312 1043 531 1127 speculatores
546 1037 555 1122 i
569 1038 733 1120 legionum
756 1036 813 1102 ΠΙ.
827 1033 838 1112 l
852 1037 1095 1106 Antoninianas.
1111 1034 1120 1118 A
1135 1036 1170 1102 P.
1194 1056 1219 1102 s.
1244 1036 1445 1104 devotissimi
1465 1035 1479 1119 n

311 1164 434 1211 nnmrm
457 1161 527 1206 erus
551 1190 558 1204 .
583 1189 590 1203 .
615 1189 622 1204 .

488 1273 672 1357 Sequuntur
701 1273 832 1338 nomina
860 1273 1145 1339 corniculariorum
1168 1273 1281 1356 trium,
1312 1291 1478 1340 commen-

396 1377 584 1442 tariensium
606 1377 683 1442 item
707 1375 812 1457 trium,
836 1377 1075 1458 speculatorum
1098 1376 1238 1459 triginta.

790 1613 994 1622 ——-—·-—--

675 1905 681 1922 ,
767 1829 1019 1900 Addcnda

398 1986 488 2052 Haec
512 1985 695 2052 dissertatio
718 1985 969 2051 clarissimorum
991 1984 1259 2068 philosophorum
1276 1986 1381 2052 ordini
1397 1985 1477 2068 Lip-

313 2090 411 2156 siensi
434 2091 499 2155 iam
521 2089 689 2172 proposita
711 2094 790 2169 erat,
814 2108 886 2154 cum
908 2089 1067 2154 Aemilius
1089 2089 1261 2172 Ritterling
1283 2087 1364 2153 duas
1388 2106 1477 2153 com-

312 2192 528 2257 mentationes
551 2191 583 2254 in
606 2191 711 2256 lucem
741 2189 845 2255 edidit
856 2193 889 2272 ί),
919 2210 1002 2274 qnae
1032 2190 1075 2255 ad
1104 2191 1239 2256 eandem
1268 2210 1346 2273 rem,
1375 2209 1477 2272 qnam

313 2293 460 2376 tractavi,
484 2297 640 2376 spectant.
677 2291 716 2356 In
739 2292 842 2357 altera
864 2291 994 2375 quidem
1017 2292 1296 2372 commentatione,
1320 2311 1402 2374 quae
1426 2292 1477 2356 in-

313 2394 462 2462 scribitur
489 2387 567 2459 ‘Zur
595 2392 789 2459 Geschichte
820 2393 878 2459 der
907 2395 994 2478 legio
1022 2395 1047 2459 Ι.
1072 2385 1250 2478 Adiutrix',
1280 2395 1331 2459 vir
1360 2393 1476 2460 doctus

313 2495 397 2564 hanc
425 2497 586 2579 legionem
615 2497 699 2561 inter
727 2515 828 2561 annos
853 2498 902 2560 70.
927 2503 959 2562 et
982 2498 1032 2561 86.
1059 2498 1267 2576 (ve188.)in
1296 2495 1476 2569 Germania

314 2605 420 2666 castra
443 2598 595 2665 habuisse
611 2598 821 2681 comprobare
838 2597 955 2664 studet.
988 2598 1053 2664 Sed
1070 2619 1142 2666 cnm
1158 2598 1220 2665 hac
1235 2599 1267 2664 in
1283 2599 1475 2681 quaestione

315 2701 535 2783 diiudicanda,
554 2699 684 2782 quando
699 2700 787 2782 legio
803 2701 836 2764 in
851 2700 1059 2768 Germaniam
1075 2701 1209 2784 venerit,
1225 2699 1342 2770 ¹eodom
1357 2699 1474 2765 funda·

314 2809 432 2883 mento,
462 2822 525 2884 quo
549 2801 843 2883 Domasaewskius,
872 2808 980 2868 utatur
1008 2809 1096 2868 ratus
1123 2822 1234 2870 omnes
1257 2803 1331 2868 illos
1353 2803 1476 2869 milites

314 2905 453 2987 legionis
482 2904 507 2969 I.
536 2903 729 2986 Adiutricis,
763 2923 898 2987 qnorum
933 2905 1021 2987 cippi
1050 2906 1248 2988 sepulcrales
1277 2905 1476 2987 Mogontiaci

314 3012 469 3089 prostant,
500 3025 518 3070 e
541 3007 645 3072 classe
668 3006 820 3072 oriundos
844 3025 925 3088 esse,
954 3026 1052 3088 quam
1075 3009 1266 3072 sententiam
1288 3008 1354 3072 iam
1376 3026 1478 3089 snpra

314 3128 346 3192 p.
362 3112 403 3172 25
420 3127 489 3192 sqq.
513 3109 653 3173 refutare
676 3114 810 3175 conatus
834 3128 913 3190 sum,
937 3107 1020 3174 nihil
1042 3107 1159 3192 habeo,
1188 3107 1276 3193 quod
1299 3107 1360 3176 hac
1382 3109 1415 3173 in
1437 3128 1477 3174 re

315 3213 409 3294 plura
430 3211 531 3276 verba
554 3217 666 3276 contra
688 3209 865 3276 Aemilium
887 3211 1060 3294 Ritterling
1081 3212 1207 3278 faciam.

401 3312 483 3378 Tum
500 3314 534 3377 in
549 3313 653 3378 altera
668 3311 887 3394 disputatione
899 3308 953 3378 ‘de
970 3312 1129 3378 seditione
1144 3313 1277 3379 Antonii
1293 3313 1472 3379 Saturnini'

316 3414 498 3497 conscripta
520 3413 686 3480 contendit
708 3415 758 3478 vir
782 3412 895 3480 doctus
912 3421 945 3479 et
959 3413 995 3480 L.
1008 3416 1151 3498 Appium
1168 3414 1353 3481 Norbanum
1370 3415 1478 3480 Maxi-

316 3535 413 3596 mum,
430 3517 485 3598 qui
496 3516 671 3581 Antonium
687 3515 819 3598 devicit,
834 3515 934 3582 fuisse
949 3518 1092 3600 legatum
1103 3516 1297 3583 Germaniae
1311 3517 1476 3583 inferioris

317 3623 350 3682 et
371 3634 523 3700 pugnam,
547 3637 612 3700 qua
633 3617 751 3684 seditio
775 3620 935 3686 exstincta
958 3626 1016 3703 est,
1040 3621 1244 3689 commissam
1267 3639 1338 3685 esse
1360 3619 1403 3684 ad
1426 3621 1476 3684 in-

315 3717 465 3784 feriorem
488 3717 647 3802 Rhenum,
676 3721 709 3785 in
739 3739 778 3786 ea
804 3723 939 3804 regione
960 3722 1155 3788 Germaniae
1184 3722 1359 3804 inferioris,
1390 3741 1478 3804 qnae

317 3820 379 3886 sita
409 3821 451 3886 sit
478 3819 561 3886 inter
589 3822 734 3889 Bonnam
768 3829 801 3888 et
828 3823 1083 3908 Mogontiacum,
1113 3817 1263 3891 ‘fortasse
1296 3843 1398 3909 prope
1430 3823 1478 3890 ad

391 4023 429 4158 3l)
454 4020 490 4076 cf.
504 4015 622 4078 ‘Westd
636 4015 779 4080 Zeitschr.'
797 4023 858 4077 ΧΠ.
876 4026 967 4093 (tosa)
990 4025 1058 4080 tusc.
1077 4027 1103 4080 2.
1121 4041 1149 4094 p.
1163 4027 1300 4080 tob-12⁰
1317 4029 1345 4080 et
1357 4022 1429 4078 iaso.
1449 4027 1478 4080 3.

316 4122 343 4175 p.
357 4109 389 4160 ao
409 4110 502 4160 -rss,
