3170 4984
271 395 313 451 Da
330 394 453 451 tontibus
470 394 596 467 Dionysii
612 393 864 450 Halicarnasseusis
882 394 1058 464 quaestiones
1076 394 1177 450 variae
1252 395 1314 454 237

150 569 327 653 Dionysius
354 568 417 635 sibi
446 568 575 636 videtur
602 568 795 652 sumpsisse,
830 568 967 652 petitum
996 586 1068 634 esse
1097 566 1314 634 demonstrari

150 675 266 754 potest.
293 669 399 755 Supra
410 672 621 754 eognovimus
633 671 784 754 Dionysii
794 671 1012 737 narrationem
1024 669 1066 736 de
1078 670 1164 736 bello
1177 669 1313 738 Dmuseo

150 790 194 838 ex
215 771 272 838 tali
294 772 362 838 fere
385 773 646 840 transformatam
669 779 702 839 et
722 770 954 856 amplifioatam
978 790 1061 855 esse,
1084 772 1216 855 qualem
1237 771 1312 837 Plu·

151 872 281 940 tarohus
292 873 455 941 Antiatem
471 881 599 942 seoutus
616 875 791 941 memoriae
806 873 960 958 prodidit.
988 873 1039 939 Ex
1053 872 1183 940 indioiis
1194 879 1314 956 autem,

139 975 267 1060 ¹quibus
282 975 372 1042 duoti
386 976 421 1042 id
437 978 662 1062 oonolusimus,
686 975 769 1044 illud
784 981 854 1044 erat
874 976 973 1043 facile
989 977 1313 1060 praestantissimum,
1399 1019 1402 1024 ι

151 1076 239 1160 quod
261 1097 344 1161 quae
367 1077 558 1146 Plutarohus
581 1083 647 1156 (16)
671 1079 712 1146 de
735 1078 773 1143 P.
789 1079 921 1146 Valerio
944 1079 981 1144 Τ.
997 1078 1149 1145 Lucretio
1172 1097 1314 1146 oonsu-

139 1179 260 1247 libus
281 1187 400 1260 narrat,
424 1179 539 1246 eadem
555 1181 597 1248 ab
613 1189 744 1249 auetore
760 1181 911 1266 Dionysii
933 1182 968 1246 in
989 1187 1178 1265 sequentem
1194 1203 1314 1250 annum

150 1283 315 1365 melate,
338 1283 416 1366 quia
437 1281 523 1350 huno
545 1303 642 1348 unum
664 1303 784 1350 annum
806 1283 894 1350 bello
910 1284 1096 1350 Porsennae
1118 1284 1146 1350 is
1168 1283 1315 1368 dederat,

149 1383 192 1450 de
215 1383 261 1450 M.
277 1384 409 1452 Valerio
431 1386 469 1450 Τ.
485 1386 636 1452 Lueretio
658 1386 697 1452 le
704 1386 817 1469 gatis
839 1383 960 1452 tradita
981 1391 1081 1451 eraut.
1126 1383 1200 1464 Qua
1222 1406 1265 1452 ex
1279 1405 1315 1453 re

150 1484 297 1572 effioitur,
319 1492 355 1552 ιιι
376 1495 489 1554 auetor
511 1487 663 1572 Dionysii
685 1493 741 1553 aut
763 1488 904 1554 auctoris
927 1492 1040 1554 auotor
1068 1489 1175 1571 ipsam
1203 1507 1314 1554 narra·

150 1588 271 1655 tionem
293 1609 401 1655 rerum
422 1590 457 1654 in
479 1589 566 1655 bello
582 1590 717 1657 Etrusco
739 1596 904 1672 gestarum
926 1608 969 1656 ex
989 1590 1161 1656 annalibus
1183 1591 1315 1674 quibus·

149 1689 228 1756 dam
250 1691 412 1775 petiverit,
435 1692 469 1756 in
485 1692 601 1775 quibus
618 1691 680 1759 hoe
695 1693 816 1760 bellum
831 1711 891 1776 per
905 1692 988 1760 duos
1002 1711 1104 1759 annos
1120 1693 1157 1758 P.
1172 1693 1314 1777 Valerio,

150 1793 190 1858 Τ.
205 1793 356 1860 Lucretio
379 1801 412 1860 et
433 1794 469 1859 P.
492 1794 635 1878 Valerio,
658 1794 700 1859 Μ.
725 1794 859 1861 Horatio
883 1795 1218 1878 oonsulibusgeotum
1242 1815 1314 1862 esse

151 1902 221 1962 erat
242 1895 405 1978 traditum,
428 1902 463 1962 at
476 1896 577 1962 alium
599 1897 710 1963 neseio
730 1915 827 1979 quem
850 1897 1039 1981 seriptorem
1062 1903 1191 1964 seoutus
1213 1903 1315 1964 totam

150 1997 241 2063 illam
263 1999 430 2064 materiam
461 1999 495 2064 iu
521 2017 619 2064 nuum
642 2000 844 2066 consulatum
866 1999 903 2066 Ρ.
921 1999 1043 2065 Valerii
1066 2006 1099 2067 et
1120 2000 1163 2064 Μ.
1186 2000 1315 2066 Horatii

150 2099 353 2166 ooartaverit
396 2099 508 2167 Habes
531 2101 630 2185 igitur
652 2122 778 2185 rursus,
801 2122 900 2187 quam
922 2121 1023 2186 saepe
1045 2103 1111 2168 iarn
1134 2101 1314 2186 deprehen·

149 2199 272 2284 dimus,
296 2201 497 2268 diversarum
519 2205 747 2270 memoriarum
770 2202 1037 2271 coniunctionem.
1084 2205 1175 2272 Unus
1205 2213 1314 2272 autem

148 2323 253 2370 annus
275 2305 374 2370 etiam
396 2304 526 2372 aLivio
542 2305 586 2382 (II
601 2309 621 2371 9
634 2305 728 2390 sqq),
752 2306 909 2390 Eutropio
929 2308 973 2388 (l,
992 2308 1055 2389 11),
1078 2306 1191 2374 Cassio
1207 2309 1314 2374 Dione

150 2408 214 2489 (ap.
236 2406 351 2473 Zouar.
376 2411 475 2492 7,12)
497 2408 585 2474 ballo
608 2408 792 2474 Porsennae
816 2408 927 2492 datur,
958 2429 997 2476 eo
1027 2429 1106 2476 sane
1129 2408 1314 2476 discrimine

149 2508 350 2594 interposito,
364 2510 452 2594 quod
463 2510 558 2576 Livio
570 2511 684 2576 saltem
696 2515 828 2576 auotore
839 2509 876 2575 P.
884 2510 1014 2577 Valerio
1026 2517 1060 2576 et
1071 2511 1109 2576 Τ.
1121 2511 1175 2576 Lu
1184 2530 1223 2576 or
1232 2511 1314 2577 etio

149 2613 335 2680 oonsulibus
357 2613 480 2678 bellum
502 2618 629 2695 gestum
653 2618 711 2679 est.

242 2715 359 2799 Atqui,
397 2715 425 2782 si
458 2733 586 2781 omnem
620 2714 714 2781 huius
747 2715 940 2781 narrationis
974 2713 1141 2782 historiam
1174 2723 1313 2801 spectas,

149 2823 401 2884 eonsentaneum
429 2822 478 2883 est
507 2836 579 2884 eam
608 2819 761 2898 formam,
791 2836 855 2899 qua
883 2817 1004 2883 bellum
1032 2817 1216 2885 Porsennae
1250 2839 1314 2887 uno

147 2937 235 2984 anuo
257 2918 440 2985 absolutum
463 2939 534 2987 esse
556 2920 671 3007 fertur,
693 2920 852 3003 superiori
874 2919 974 2985 aetati
996 2939 1068 2986 esse
1090 2921 1315 2988 ascribendam

148 3039 247 3103 quam
270 3040 353 3103 eam,
377 3043 473 3106 quam
494 3021 584 3106 apud
606 3020 817 3088 Plutarchum
838 3041 898 3087 nos
921 3022 1077 3104 legimus3
1106 3029 1204 3108 atque
1228 3024 1315 3091 idem

148 3121 245 3188 Livio
268 3129 350 3190 teste
372 3130 507 3210 eonstat,
532 3125 682 3208 quiquis
704 3124 767 3191 hau
789 3126 823 3189 iu
845 3130 937 3209 parte
956 3125 1149 3193 vetustiores
1164 3134 1314 3195 aroteres

149 3223 283 3309 adierit,
313 3246 377 3292 non
400 3226 573 3294 dubitatur.
617 3227 733 3311 Neque
756 3247 834 3294 vero
857 3228 963 3293 minus
985 3234 1123 3311 apparet
1150 3249 1215 3294 nou
1243 3231 1314 3296 siue

150 3333 240 3393 oerta
261 3347 360 3394 eausa
381 3329 415 3394 in
431 3330 512 3396 duos
527 3349 629 3397 annos
652 3329 772 3395 bellum
794 3330 1012 3411 aposteriore
1034 3331 1145 3396 neseio
1160 3349 1225 3412 quo
1240 3350 1314 3398 auo·

148 3433 219 3495 tore
249 3429 456 3498 distributum
486 3451 567 3499 esse.
613 3433 721 3516 Atque
751 3449 824 3496 mea
853 3431 984 3514 quidem
1012 3433 1173 3499 sententia
1201 3433 1258 3499 ille
1281 3435 1315 3500 iu

150 3531 225 3600 aliis
240 3535 411 3602 annalibus
427 3535 548 3601 bellum
570 3534 606 3600 P.
620 3535 751 3601 Valerio
766 3534 804 3598 Τ.
820 3533 971 3600 Lucretio
987 3534 1172 3600 oonsulibus
1188 3541 1315 3618 gestum

151 3653 223 3701 esse
239 3635 371 3720 invenit,
394 3639 428 3703 in
450 3637 524 3704 aliis
539 3638 576 3704 P.
588 3636 721 3702 Valerio
735 3635 778 3702 Μ.
794 3635 930 3702 Horatio
946 3636 1140 3703 oonsulibus.
1172 3635 1315 3714 Quorum

150 3743 298 3803 neutrum
322 3758 394 3804 oum
416 3741 540 3805 reioere
556 3740 666 3822 vellet,
689 3744 860 3823 utumque
882 3745 1011 3804 seoutue
1026 3744 1076 3805 est
1098 3739 1154 3818 ita,
1176 3746 1212 3805 ut
1232 3740 1315 3807 duos

150 3841 226 3906 illos
248 3841 432 3908 consulatus
459 3842 547 3908 bello
569 3842 670 3908 fuisse
700 3842 848 3924 expletos
875 3839 1028 3906 traderet.
1073 3840 1178 3907 Simul
1206 3847 1315 3908 autem

144 3949 186 4006 ,ut
207 3961 260 4009 res
285 3943 394 4026 ipsae,
423 3963 507 4027 quae
536 3943 599 4011 boo
627 3944 714 4010 bello
741 3949 853 4026 gestae
876 3961 948 4009 esse
970 3940 1172 4028 ferebantur,
1202 3949 1314 4028 utpote

150 4044 268 4126 quibus
290 4045 395 4113 maius
417 4046 482 4111 iam
503 4047 643 4130 spatium
660 4051 729 4111 erat
744 4032 951 4128 explendum,
974 4044 1258 4130 amplificarentur,
1284 4053 1316 4113 et

142 4147 336 4230 ‘Signuriam
359 4149 520 4216 ooloniam
535 4147 709 4215 deduotam
732 4148 954 4231 munitamque
975 4154 1008 4214 et
1026 4148 1160 4215 forsitan
1183 4169 1314 4216 oensum
