3198 4974
283 389 326 446 De
344 388 468 445 fontibus
485 388 611 460 Dionysii
628 388 876 446 Halionrnamensis
895 389 1066 460 quaestiones
1083 389 1186 445 variae.
1255 388 1315 450 177

155 562 309 646 studeret,
331 583 396 630 non
411 569 534 647 aperte,
558 562 617 630 sed
638 562 753 629 fraude
775 583 815 630 ao
838 563 914 629 dolo
936 563 981 646 id,
1004 563 1092 647 quod
1114 563 1223 647 vellet,
1245 583 1319 649 per·

154 665 280 732 lenisse.
323 665 368 730 At
395 670 482 732 oerte
509 665 654 732 Lioinins
682 663 765 732 haee
793 673 826 731 et
853 665 985 732 brevius
1014 672 1047 732 et
1074 666 1180 733 minus
1208 667 1318 751 inepte

154 773 352 835 narraverat

240 867 307 934 Sed
335 867 525 935 iamdudum
554 886 685 949 vereor,
714 886 755 933 ne
783 866 879 934 nimis
910 870 1026 951 longus
1055 868 1169 938 videar
1197 871 1230 936 in
1256 869 1319 936 heo

154 971 382 1054 antiquitatum
396 976 488 1054 parte
503 969 613 1036 Maoro
628 968 857 1054 adiudioanda,
880 971 901 1036 i.
918 991 945 1038 e.
967 973 1000 1038 in
1022 991 1057 1038 re
1080 971 1227 1038 omnibus
1249 971 1317 1038 fere

153 1073 303 1158 probata.
345 1071 413 1139 Sed
439 1071 595 1158 respicias
624 1090 744 1155 quaeso
772 1090 826 1138 me
851 1072 959 1139 iudioe
989 1071 1051 1140 hao
1079 1093 1144 1139 una
1171 1074 1205 1139 in
1227 1079 1319 1158 parte

154 1176 272 1242 Lioinii
301 1173 457 1257 vestigio,
487 1192 572 1257 qnae
595 1173 727 1256 quidem
750 1174 849 1240 totins
871 1175 1063 1242 narrationis
1084 1183 1200 1242 natura
1221 1181 1320 1259 atque

155 1277 266 1344 indole
287 1277 476 1362 prodantur,
498 1295 632 1358 prorsus
652 1275 826 1358 perspioua
849 1295 930 1344 esse.

242 1382 286 1446 At
314 1381 443 1447 obstant
471 1378 615 1443 virorum
642 1376 809 1443 dootorum
840 1379 1035 1460 sententiae,
1065 1379 1181 1462 quibus
1203 1380 1264 1445 toti
1286 1377 1320 1445 hi

155 1483 232 1548 libri
254 1481 483 1564 antiquitatum
505 1479 647 1545 maxima
669 1478 783 1544 saltem
806 1499 850 1546 ex
870 1487 963 1562 parte
978 1481 1105 1548 Lioinio
1128 1481 1320 1548 tribuuntur.

155 1585 205 1651 Ao
232 1603 274 1650 ne
304 1603 365 1666 ego
388 1581 521 1665 quidem
542 1599 626 1662 nego
649 1580 811 1662 permulta
832 1588 962 1664 praetor
984 1601 1073 1666 eam,
1103 1602 1200 1665 qnam
1222 1581 1320 1649 modo

156 1685 440 1770 perlustravimus,
468 1687 595 1765 portem
624 1680 740 1748 eodem
767 1701 809 1748 ex
830 1681 919 1750 fonte
942 1683 1135 1768 Dionysium
1157 1682 1321 1750 hausisse:

156 1786 512 1854 demonstravisse
541 1803 789 1868 quemqnam
811 1790 944 1851 oertes
968 1785 1160 1868 quasdam
1182 1791 1321 1869 partes

155 1897 319 1974 praetor
345 1886 448 1953 hane
469 1886 712 1952 Lioinianas
741 1905 832 1952 esse
854 1905 966 1970 nego.
1005 1885 1095 1966 Quas
1117 1888 1203 1954 enim
1226 1885 1321 1954 huius

156 1991 327 2074 opinionis·
339 1989 404 2054 viri
431 1987 518 2054 dooti
540 1987 743 2071 protulerunt
765 2007 896 2070 oausas,
927 2007 985 2055 eae
1008 1989 1052 2055 nd
1081 1989 1202 2074 gradus
1226 2008 1322 2072 qnos·

157 2093 233 2158 dom
249 2091 492 2174 eompositionis
505 2089 711 2156 historiarum
724 2089 943 2156 enuoleendos
961 2090 1157 2173 snffeoerint,
1173 2090 1217 2156 ad
1232 2091 1321 2175 ipsos

156 2201 304 2261 auctores
319 2212 384 2260 non
403 2191 576 2260 sufiiciunt.
614 2191 659 2258 Ut
673 2192 701 2258 si
716 2210 800 2274 quae
816 2211 868 2259 res
890 2192 979 2277 opud
995 2193 1189 2276 Dionysium
1213 2212 1323 2260 ooeur·

156 2302 246 2378 runt,
275 2314 360 2378 quae
390 2301 466 2378 post
493 2291 659 2360 Graoohos
687 2293 817 2358 demum
845 2294 998 2361 inventae
1021 2313 1094 2362 osse
1115 2296 1240 2378 possint
1269 2297 1323 2362 vel

157 2397 323 2463 Marianae
338 2399 393 2463 vel
408 2397 564 2464 Sullanae
579 2395 695 2462 aetatis
717 2395 805 2460 laeta
826 2401 859 2461 et
880 2415 986 2462 mores
1009 2397 1186 2480 redoleant,
1211 2398 1322 2464 etiam·
1429 2393 1433 2405 '

157 2506 226 2564 tnm
241 2499 283 2565 de
299 2499 519 2583 oompluribns
532 2497 718 2564 auctoribus
740 2497 876 2580 eogitari
898 2503 1016 2581 potest,
1038 2499 1229 2582 praesertim
1251 2519 1324 2566 enm

157 2621 217 2666 nos
239 2620 304 2666 non
326 2601 374 2666 ita
395 2607 483 2667 oerto
506 2599 662 2683 sciamus,
686 2599 803 2681 quibus
824 2600 919 2666 annis
941 2599 1083 2666 vixerint
1104 2599 1224 2667 nedum
1246 2601 1324 2668 seri-

157 2703 283 2786 pserint
312 2701 431 2784 singuli
461 2700 626 2766 annalium
656 2701 838 2783 scriptores.
888 2701 940 2767 Ita
968 2700 1023 2785 fit,
1052 2708 1088 2768 nt
1114 2721 1198 2786 quae
1226 2703 1324 2768 nullis

157 2805 233 2871 aliis
255 2801 385 2869 indiciis
407 2802 637 2869 aooedentibus
652 2801 812 2868 Lioiuium
827 2803 970 2870 Meornm
992 2803 1138 2870 indioare
1161 2809 1323 2888 putantur,

159 2907 258 2973 etiam
273 2905 396 2972 Valerii
411 2904 561 2988 Antiatis,
583 2903 671 2970 Aelii
687 2904 880 2989 Tuberonis,
903 2906 958 2971 vel
981 2905 1078 2972 etiam
1094 2905 1194 2972 Gellii
1206 2909 1228 2983 ¹)
1252 2924 1324 2974 esse

158 3008 294 3092 possint.
339 3005 394 3073 Sie
422 3007 522 3089 igitur
550 3023 666 3071 nemaeo
696 3005 905 3073 indioandum
935 3026 1007 3074 esso
1033 3008 1075 3073 de
1097 3013 1227 3075 senatus
1250 3028 1324 3075 ane·

159 3109 289 3176 toritate
304 3109 401 3175 nimis
417 3109 482 3173 iam
498 3108 677 3191 imminuta,
700 3106 742 3173 de
757 3108 880 3175 iuribus
895 3110 961 3174 iam
977 3109 1035 3174 illa
1048 3110 1186 3193 pristina
1208 3117 1325 3193 aetate,

159 3211 243 3276 falso
258 3211 421 3292 nimirum,
437 3209 574 3276 tribunis
589 3211 695 3293 plebis
711 3217 744 3276 et
758 3211 849 3294 plebi
864 3210 1047 3294 vindicetis,
1064 3210 1106 3278 de
1121 3211 1326 3280 tumultuosis

161 3318 308 3394 senatus,
331 3312 461 3397 populi,
491 3311 597 3395 plebis
626 3314 791 3396 oonoiliis,
820 3311 863 3378 de
885 3312 1025 3378 militum
1046 3313 1148 3378 nimia
1170 3313 1325 3398 intempo

159 3415 282 3496 rantia,
304 3414 379 3479 aliis
401 3412 570 3479 similibus.
608 3412 729 3492 Qualia
750 3415 849 3481 etiam
872 3413 1023 3480 Virokius
1046 3420 1081 3480 ut
1102 3421 1265 3497 premeret
1287 3435 1327 3482 ea

160 3517 298 3583 fortasse
319 3515 566 3582 ratiocinatione
588 3516 748 3583 adductus
771 3522 835 3598 est,
865 3522 900 3582 ut
922 3516 1145 3583 oonelnderet:
1174 3518 1327 3601 quoniam

161 3618 290 3699 omnia,
320 3635 403 3700 qnae
432 3617 609 3702 Dionysius
642 3623 766 3700 narrat,
801 3639 864 3684 nno
894 3625 1005 3685 tenore
1034 3639 1073 3685 ao
1101 3619 1210 3696 stilol)
1240 3639 1326 3686 eom·

160 3719 269 3803 posito
297 3725 421 3800 essent,
451 3738 570 3803 nempe
600 3739 654 3804 eo,
685 3739 781 3803 quem
802 3719 921 3786 Graeoi
944 3718 1176 3804 πραγματικόν
1198 3727 1327 3806 vooant,

248 3890 274 3952 1)
295 3885 337 3938 De
356 3885 436 3939 Gellii
453 3888 544 3941 aetate
561 3891 617 3941 tam
634 3885 739 3941 ineerta
756 3885 901 3954 habemus,
923 3889 955 3941 ut
973 3885 1166 3955 Kiessliugius,
1191 3887 1224 3944 de
1246 3888 1327 3945 Dion.

161 3969 318 4122 ῗὲωιιιοιὲι.
336 3969 383 4024 lat.
401 3986 428 4038 p.
447 3974 479 4025 31
500 3970 582 4026 etiem
599 3971 705 4026 Licinio
729 3985 792 4026 eum
811 3971 945 4026 minorem
963 3986 1023 4027 esse
1042 3974 1153 4027 censeat
1171 3973 1213 4027 vel
1230 3973 1328 4028 saltem

249 4142 275 4205 2)
294 4138 335 4194 cf.
348 4139 453 4194 Virokii
470 4141 536 4196 diss.
555 4157 601 4210 pp.
615 4144 658 4196 23.
671 4143 713 4196 29.
727 4145 769 4196 36.

214 4231 329 4288 Leipziger
343 4233 445 4278 Studien.
469 4234 546 4278 XVII.
1141 4230 1172 4280 12
