3318 4970
473 378 513 433 De
531 380 635 449 legione
653 379 837 435 Romanorum
853 379 876 436 1.
894 379 1043 435 Adiutrice.
1296 381 1335 440 57

185 572 322 636 poenam
345 554 555 636 imperatores
576 575 597 619 a
618 553 747 636 legione
769 553 891 620 scelere
913 552 1066 620 obstricta
1093 554 1277 637 exigebant,
1304 561 1339 620 ut

183 661 315 722 externo
343 656 430 722 bello
459 656 678 739 implicaretur
706 656 816 738 itaque
849 655 932 720 inter
964 657 1109 738 pericula
1145 663 1177 722 et
1209 657 1339 724 labores

182 757 335 823 mobilem
358 757 499 822 animum
528 757 713 841 deponeret.
757 755 802 823 Ut
824 756 1042 840 Vespasianus
1070 758 1225 842 legiones,
1254 777 1339 842 quas

182 857 348 924 Vitellium
379 859 606 941 imperatorem
636 859 916 926 consalutaverant
944 863 1042 942 atque
1072 867 1183 926 contra
1210 860 1338 926 Italiam

181 979 272 1024 arma
294 966 470 1042 moverant,
501 961 544 1027 ad
567 968 734 1028 externum
756 962 877 1028 bellum
900 963 933 1028 in
954 962 1155 1029 Pannoniam
1178 962 1275 1045 misit,
1304 968 1341 1028 ιιι

182 1059 307 1128 Suebos
331 1060 494 1130 Sarmatas
510 1063 682 1147 Daoosque
703 1084 724 1130 a
745 1064 862 1131 finibus
884 1061 1143 1149 propulsarentl)
1171 1062 1339 1132 Eiusmodi

180 1181 302 1246 poenas
333 1163 457 1245 sceleri,
492 1164 578 1248 quod
606 1168 840 1249 commiserant,
873 1167 1132 1234 accommodatas
1162 1167 1258 1232 etiam
1283 1185 1338 1232 eas

181 1266 337 1349 legiones,
361 1285 444 1349 quae
460 1267 634 1334 Antonium
657 1275 786 1336 secutae
809 1274 909 1350 erant,
933 1269 1032 1334 luIsse
1047 1269 1193 1334 arbitror.
1224 1269 1340 1352 Neque

181 1367 267 1432 enim
296 1368 363 1433 ullo
391 1368 488 1436 modo
510 1369 580 1436 ficri
602 1372 716 1454 potuit,
745 1376 780 1436 ut
808 1369 943 1437 eaedem
965 1371 1110 1454 legiones
1132 1390 1216 1453 quae
1237 1389 1340 1454 nuper

59 1495 62 1502 ·
181 1489 254 1535 cum
269 1469 437 1538 Germanis
460 1489 496 1538 se
511 1473 784 1554 consociaverant,
807 1471 850 1537 ad
865 1471 970 1538 Rheni
993 1472 1081 1556 ripas
1103 1478 1339 1556 permanerent,

179 1577 216 1636 ιιι
236 1569 316 1637 fines
339 1572 466 1654 imperii
489 1573 626 1638 Romani
648 1575 690 1639 ab
713 1573 835 1640 eisdem
858 1574 1004 1641 barbaris
1027 1573 1246 1641 defenderent.

266 1672 410 1739 Primum
433 1694 505 1740 cum
525 1675 663 1758 legionis
677 1675 764 1740 XIV.
781 1675 938 1742 Geminae
961 1683 1167 1743 monumenta
1187 1697 1272 1743 anno
1288 1679 1339 1742 89.

181 1776 362 1858 posteriora
383 1778 416 1841 in
439 1776 614 1844 Germania
635 1779 725 1843 nulla
746 1785 874 1845 exstent
884 1783 917 1864 ²),
940 1799 1012 1846 eam
1035 1779 1093 1846 sub
1109 1780 1251 1845 Traiano
1274 1779 1339 1844 iam

180 1880 216 1943 in
236 1878 404 1944 Pannonia
425 1880 590 1962 superiore
612 1879 797 1946 tendentem
819 1882 1010 1947 invenimus.
1041 1881 1125 1946 Nam
1148 1901 1341 1964 quamquam

181 1981 365 2064 Mursellae,
387 1981 421 2045 in
443 1979 565 2064 oppIdo
588 1981 670 2047 inter
692 1983 837 2048 Dravum
859 1989 892 2049 et
913 1983 1099 2051 Danuvium
1121 1981 1254 2049 flumina
1276 1984 1339 2050 sito

180 2085 291 2168 tegula
319 2103 383 2148 una
411 2083 541 2165 quidem
564 2083 671 2150 adhuc
699 2091 805 2151 exstat
815 2089 848 2169 3),
877 2093 985 2152 tamen
1008 2086 1188 2168 complures
1211 2086 1341 2168 tegulae

181 2187 402 2272 Brigetmneo
433 2191 465 2250 et
487 2185 732 2262 Vindobonae⁵)
762 2189 945 2272 nuperrime
975 2187 1114 2254 effossae
1137 2193 1226 2272 sunt,
1257 2205 1341 2270 quae

182 2308 255 2354 eum
283 2285 518 2353 validissimam
545 2307 658 2354 ausam
686 2289 729 2354 ad
758 2295 864 2356 castra
886 2291 1103 2373 stationesque
1126 2290 1244 2356 certius
1267 2309 1341 2370 cog·

181 2389 348 2457 noscenda
379 2389 566 2473 praebeant,
601 2391 854 2458 luculentissime
887 2398 1044 2458 tentantur
1076 2393 1146 2458 sive
1179 2392 1342 2473 legionem

182 2499 284 2560 tutam
306 2492 377 2558 sive
399 2492 538 2558 malores
554 2492 736 2560 minoresve
760 2492 828 2560 eius
843 2500 951 2577 partes
974 2513 1033 2577 per
1055 2499 1181 2578 tempus
1197 2493 1342 2575 ailquan·

182 2604 250 2661 tum
273 2593 394 2659 inillis
422 2593 502 2659 locis
524 2594 634 2660 fuIsse.
678 2596 785 2678 Atque
815 2615 888 2662 cum
918 2613 957 2660 ea
978 2599 1184 2660 monumenta
1206 2594 1342 2678 tempori

183 2697 281 2762 bellis
304 2695 433 2760 DacicIs
455 2695 555 2778 priori
577 2696 782 2763 attribuenda
803 2697 876 2780 sint,
905 2696 1059 2779 sequitur,
1087 2702 1123 2761 ut
1144 2696 1231 2779 legio
1254 2696 1342 2762 XIV.

183 2799 323 2865 Gemina
340 2796 399 2863 sub
415 2795 511 2863 finem
528 2798 632 2880 ipsum
648 2799 744 2882 prImi
759 2800 881 2866 saeculi
896 2799 930 2864 in
945 2799 1145 2866 Pannoniam
1160 2800 1225 2865 ium
1240 2806 1342 2868 trans·

180 2903 249 2967 lata
270 2899 350 2974 sibl)

182 3003 389 3014 ------

275 3038 298 3098 1)
316 3032 352 3086 cf.
372 3031 439 3087 Tac.
458 3027 818 3099 hisc.111.4e:‘(exercitus
835 3033 946 3098 Vitellii)
965 3049 1044 3103 quem
1062 3033 1153 3103 spargi
1169 3049 1220 3102 per
1236 3033 1344 3102 proriu-

186 3120 246 3173 uIas
266 3123 295 3171 et
312 3123 424 3172 externo
442 3117 512 3171 bello
530 3116 636 3186 inligari
658 3135 722 3187 pars
746 3119 854 3176 consilii
870 3119 1000 3188 pacisque
1017 3111 1094 3174 erat?
1112 3145 1146 3158 -
1164 3118 1290 3173 Ceterum
1307 3117 1343 3170 ct'.

180 3220 209 3272 μ
228 3202 541 3356 4ὅι)ᾶ8ι.ῗἰιοιιεεριι.
561 3287 587 3342 o.
601 3287 706 3344 wesen.
719 3289 858 3345 zeitschr:
872 3290 947 3346 vnr.
959 3292 1048 3357 ussa
1065 3306 1093 3359 p.
1107 3291 1165 3343 ros.
1202 3287 1244 3342 cr.
1263 3287 1345 3342 otram

182 3372 250 3427 ibid.
274 3372 296 3426 l.
321 3375 409 3437 (1882)
435 3388 463 3426 n.
489 3378 513 3426 5.
542 3401 572 3411 -
601 3372 666 3428 ibid.
685 3373 734 3429 III.
758 3378 847 3441 (1884)
868 3391 896 3444 p.
924 3378 982 3431 136.
1009 3405 1042 3414 -
1069 3373 1134 3429 ibid.
1159 3372 1234 3429 VIII.
1259 3375 1346 3438 (1889)

107 3466 112 3476 ·
182 3473 211 3526 p.
230 3461 280 3510 roa
300 3462 327 3510 et
345 3461 404 3512 244.

273 3547 299 3609 3)
318 3543 353 3597 ci.
371 3541 422 3595 ΙΙΙ.
442 3547 509 3598 atos
527 3547 555 3597 et
572 3543 646 3612 quod
664 3544 815 3599 Mommsen
832 3544 946 3599 adnotat
964 3548 999 3614 (p.
1018 3547 1088 3611 416).

272 3631 300 3689 4)
317 3626 436 3695 Tegulae
453 3627 602 3696 inscriptae
619 3633 697 3684 sunt:
716 3627 854 3684 VEXILL
869 3655 876 3669 ·
891 3629 967 3684 LEG
982 3657 989 3672 ·
1002 3629 1091 3684 XIIII.
1109 3629 1160 3684 ET
1176 3628 1237 3684 XV.
1257 3660 1289 3668 -
1309 3628 1344 3684 cf.

180 3707 374 3781 ‘Aren-epigr.
393 3705 474 3768 Mitt?
492 3713 565 3769 XIV.
584 3730 611 3783 p.
631 3719 673 3770 82.

272 3801 298 3864 5)
316 3796 351 3850 ci.
371 3789 541 3866 ‘Korrespbl
567 3799 593 3852 d.
613 3799 719 3854 Westd.
742 3793 885 3856 Zeitscbr.³
903 3801 936 3854 V.
961 3803 997 3866 (ιι.
1016 3803 1059 3868 88)
1082 3817 1110 3870 p.
1130 3804 1189 3856 252.
1225 3799 1345 3868 Tegulae

186 3887 282 3938 coctae
306 3883 428 3937 suntad
453 3883 652 3953 hypocaustum
675 3887 865 3940 exstruendum
887 3886 929 3940 vel
953 3885 1150 3941 restituendum
1173 3885 1267 3941 eodem
1288 3885 1345 3939 fere

189 3974 321 4038 tempore,
341 3982 394 4036 quo
411 3968 481 4036 legio
498 3968 574 4024 Xlll.
593 3969 770 4026 Viudobonue
787 3973 879 4025 castra
895 3970 1000 4026 babuit.
1022 4011 1027 4022 .

275 4058 301 4118 6)
319 4053 361 4106 Εο
382 4055 503 4122 tempore
520 4054 651 4122 legionem
668 4054 741 4109 XIV.
761 4054 901 4110 Geminam
919 4057 947 4110 in
965 4056 1133 4112 Pannoniam
1150 4059 1269 4112 amotam
1287 4069 1346 4110 esse

188 4139 377 4194 assentiuntur
394 4139 524 4194 Aemilius
541 4138 686 4209 Ritterling
703 4141 731 4206 (l.
750 4141 768 4194 l.
787 4157 814 4210 p.
830 4144 872 4206 78)
890 4144 918 4196 et
934 4140 1062 4198 Metellus
1080 4142 1174 4212 Meyer
1191 4138 1298 4206 (Philol.
1312 4142 1344 4192 47
