3170 4984
266 377 309 433 De
324 375 449 434 lontibus
467 376 593 448 Dionysii
609 375 859 438 Halicarnassensis
876 378 1049 448 quaestiones
1066 378 1168 434 variae.
1236 379 1300 442 etl

223 549 291 620 Sed
318 551 509 635 prinsquam
537 551 582 618 cd
610 551 762 634 Dionysii
791 557 825 618 et
852 550 1019 620 Plutarchi
1048 553 1223 622 relationes
1252 551 1301 622 de

136 653 251 724 hello
271 672 360 724 eum
381 671 478 736 rege
501 652 712 722 Porsenna
732 651 1301 735 gestateluePub1.erc-1e

136 760 178 822 et
198 755 314 831 Dion.
338 754 366 817 V
388 755 530 830 ec-am
551 789 594 800 -
617 753 679 822 hoe
707 754 792 824 euim
818 753 916 826 modo
939 755 1128 836 spectabam
1150 789 1191 804 -·
1214 775 1300 823 cono

135 855 300 941 parandas
321 855 567 938 adgrediamur,
597 875 708 925 rorone
729 856 828 926 liceat
847 853 1051 926 diversarum
1072 858 1301 927 memoriarum

136 955 422 1040 conglutinationis
454 959 642 1042 exemplum
674 959 875 1041 praecipere.
931 957 1079 1029 Livius
1107 959 1150 1038 (ll
1181 962 1237 1040 12,
1268 963 1300 1038 5)

134 1059 335 1143 antiquiores
362 1065 511 1130 auctores
539 1065 668 1128 secutus
691 1057 727 1125 0.
750 1057 892 1130 Mucium
918 1052 1045 1128 ‘abdito
1068 1062 1153 1132 iutra
1173 1067 1299 1130 reatem

135 1153 229 1228 terrc'
250 1161 284 1233 iu
298 1166 406 1232 caetra
420 1161 628 1230 Etruscorum
643 1161 825 1244 protentum
840 1180 913 1228 esse
929 1161 1026 1245 dioit3
1049 1161 1298 1234 Plutarchus

135 1262 242 1340 (Publ.
257 1263 309 1338 17)
327 1282 400 1331 eum
416 1263 565 1340 (Dtrnsoa
580 1269 671 1328 reete
686 1261 834 1336 indutum
852 1269 897 1338 etl
913 1264 1051 1332 strum
1072 1265 1185 1346 lingua
1206 1285 1300 1338 osum

134 1365 169 1430 in
185 1370 292 1432 cmtra
305 1364 476 1447 irrepsisse
490 1370 608 1430 narrat.
647 1361 739 1442 Quae
762 1384 836 1434 curu
858 1365 921 1432 tria
943 1365 1017 1448 siut,
1041 1365 1159 1448 quibus
1173 1366 1299 1438 Mucius

133 1486 177 1536 nc
198 1467 363 1538 Romanus
385 1472 616 1548 agnosceretur
637 1465 823 1549 providisse
844 1467 962 1548 femur,
985 1466 1050 1536 duo
1073 1474 1160 1534 certe
1182 1487 1225 1536 ex
1248 1467 1299 1536 his

134 1588 178 1640 er
200 1567 340 1636 dirersis
361 1567 528 1636 memoriis
549 1568 583 1635 in
605 1587 703 1638 uuam
726 1573 881 1652 congesta
904 1567 1006 1636 habes
1027 1570 1116 1652 apud
1145 1570 1298 1652 Diony·

133 1672 237 1738 sium
259 1669 289 1734 V
312 1669 404 1751 re,1
437 1668 512 1746 (nisi
541 1671 640 1742 etiam
669 1671 799 1742 tertium
827 1669 909 1736 illud
938 1670 1065 1754 verbis,
1094 1690 1179 1754 qnae
1207 1673 1299 1742 aucis

133 1771 261 1854 inclusi,
273 1770 599 1852 subesseconcedes):
612 1767 946 1855 (παρακρουσάμενος
960 1768 1058 1848 τούς
1073 1770 1299 1856 φυλάττον·

133 1895 206 1949 τας
228 1865 281 1948 ὥς
302 1872 382 1942 τῶν
404 1865 627 1954 ὁμοεθνῶν
649 1875 734 1952 τις)
758 1864 865 1938 ὁπλον
880 1864 907 1936 τ’
926 1863 1024 1938 οὐδὲν
1047 1871 1194 1959 φανερὸν
1217 1873 1300 1956 ἔχων

131 1975 189 2040 καὶ
210 1971 339 2058 γλώττῃ
367 1976 553 2061 Τυρρηνικῇ
576 1973 823 2060 διαλεγόμενος.

219 2077 340 2142 Verum
354 2077 439 2144 euim
455 2097 534 2144 vero
553 2083 589 2144 ut
611 2078 676 2150 iam
698 2097 828 2158 novam,
851 2095 949 2160 quam
972 2076 1053 2159 dixi,
1075 2079 1233 2144 rationem
1256 2078 1298 2146 de

131 2178 221 2246 bello
250 2179 385 2246 Etrusco
414 2179 498 2244 iuter
527 2179 694 2250 Plutarchi
724 2186 757 2246 et
784 2179 937 2262 Dionysii
969 2181 1172 2248 narrationes
1200 2182 1296 2250 inter-

132 2279 303 2348 cedentem
333 2279 518 2362 ostendam,
548 2301 627 2348 sane
656 2281 709 2352 hic
738 2300 867 2364 quoqne
898 2280 981 2346 tales
1003 2281 1210 2350 inveniuntur
1232 2283 1297 2350 dis-

131 2383 334 2466 crepantiae,
364 2386 400 2446 ut
421 2381 537 2453 Antias
562 2384 718 2450 nonnulla
739 2383 774 2448 in
797 2382 1000 2450 Valeriorum
1022 2384 1160 2464 gratiam
1183 2385 1296 2450 immu-

130 2492 218 2552 tasse
233 2485 327 2567 argui
349 2485 465 2550 meritc
488 2483 647 2550 videatur.
692 2485 736 2550 At
757 2484 860 2552 nihilo
883 2485 984 2550 setius
1007 2483 1062 2549 hio
1083 2483 1126 2550 de
1148 2486 1297 2554 omnibus

131 2587 217 2652 inter
232 2585 426 2669 Dionysium
449 2590 482 2656 et
496 2585 706 2652 Plutarchum
729 2585 933 2668 differentiis,
957 2587 1056 2652 ctiam
1078 2587 1137 2658 eie,
1160 2606 1202 2654 ex
1225 2588 1296 2670 qui-

130 2689 193 2764 hus
207 2688 372 2755 Antiatem
387 2687 571 2756 Valerianis
585 2689 679 2770 quasi
694 2689 857 2756 coloribus
873 2707 925 2754 res
940 2688 1067 2756 incasso
1090 2690 1296 2776 concluseris,

129 2809 195 2858 non
224 2789 335 2872 peiore
364 2790 502 2858 tortasse
528 2791 598 2855 iure
620 2791 815 2860 mntrarinm
837 2789 994 2856 iudicium
1016 2788 1173 2858 faciamus
1197 2789 1295 2858 histo·

129 2893 251 2961 riarum
280 2891 487 2959 traditionem
514 2911 579 2959 nou
601 2891 734 2959 Antiate
761 2892 938 2975 praeterito
968 2892 1010 2959 ab
1039 2891 1135 2962 huius
1162 2898 1296 2961 auctore

129 2994 185 3060 rel
199 2993 387 3063 auctoribus
400 2994 511 3060 statim
524 2992 569 3060 ad
585 2993 735 3077 Dionysii
751 2999 915 3062 auctorem
936 2995 1066 3062 venisse
1088 2995 1295 3078 conicientes,

130 3094 189 3161 sed
212 3113 296 3178 quae
319 3097 390 3178 ipse
405 3095 520 3160 Antias
542 3094 679 3160 tradidit
700 3100 733 3161 et
754 3095 889 3178 invenit,
911 3096 953 3161 ab
976 3096 1034 3161 illo
1058 3114 1130 3162 csse
1153 3104 1294 3180 arrepta,

129 3197 315 3279 immutata,
344 3202 449 3266 aucta.
494 3196 578 3262 Nam
609 3197 736 3263 etiamsi
766 3195 829 3262 hoc
857 3196 955 3263 modo
978 3196 1109 3280 gradus,
1132 3217 1190 3280 per
1213 3219 1294 3283 quos

129 3299 336 3367 historiarum
358 3299 530 3380 memoria,
560 3304 596 3364 nt
618 3300 664 3364 ita
685 3297 809 3381 dicam,
831 3299 1024 3383 escenderit,
1046 3318 1119 3366 sese
1141 3301 1294 3385 excipere

127 3421 304 3486 portamus¹
331 3421 396 3472 nou
426 3399 657 3467 offendendum
680 3402 741 3466 crit
763 3401 964 3485 inpartibus
988 3401 1190 3467 Valeriorum
1212 3422 1292 3486 pan-

128 3503 231 3577 lulum
247 3504 404 3586 repressis
419 3522 525 3586 neque
540 3502 730 3570 sumendum
745 3509 910 3571 auctorem
926 3503 1078 3586 Dionysii
1089 3503 1293 3570 Valeriorum

128 3605 253 3690 gloriae
276 3606 465 3670 consulto
494 3605 710 3685 obtrectasse,
738 3625 811 3672 cunr
841 3603 903 3670 hae
927 3605 1195 3672 commutationes
1217 3607 1292 3672 aliis

128 3705 324 3790 quibusdam
338 3707 435 3772 rebus
450 3707 581 3772 mutatis
593 3707 648 3772 vel
662 3707 792 3774 novatis
806 3706 1002 3774 necessitate
1014 3705 1156 3788 quadarn
1166 3710 1293 3792 possint

127 3816 251 3878 tractae
273 3827 355 3874 esse.
400 3807 468 3878 Sed
491 3807 554 3891 hic,
577 3808 731 3892 quoniam
751 3809 788 3873 in
808 3814 875 3874 tam
898 3806 1086 3874 difficilibus
1108 3810 1204 3878 rebus
1227 3832 1293 3879 nou

127 3909 248 3982 sufficit
261 3911 454 3980 sententiam
468 3909 622 3994 profiteri,
645 3910 770 3978 iuvabit
785 3911 890 3993 ipsam
905 3911 1181 3994 comparationem
1195 3932 1289 3980 accu-

127 4013 229 4081 ratius
251 4031 442 4095 proponere.

214 4113 321 4197 Atque
350 4121 399 4197 ut,
430 4112 637 4197 quodmodo
660 4113 828 4197 contendi,
859 4113 1114 4184 luculentissimo
1138 4116 1290 4200 exemplo
