3170 4984
299 371 361 430 224
775 367 842 424 ono
859 368 988 424 Bookseb

295 561 414 626 nempe
434 541 549 626 populi
570 540 693 625 farore,
719 559 816 624 quem
839 560 938 625 snpra
959 547 1073 626 aperte
1097 541 1391 627 deprehendimus,
1413 544 1467 608 in·
1569 517 1570 530 ἵ

295 643 412 712 ductus
441 662 513 710 csse
540 647 665 726 potest,
699 648 735 708 ut
763 643 934 710 Horatium
962 642 1121 710 iloclitem
1150 643 1308 725 honores,
1342 644 1465 727 quibus

295 746 521 827 exornabatur,
543 745 593 828 τῷ
608 741 704 830 δήμῳ
723 744 878 812 debriare
899 752 1062 829 premeret
1083 746 1192 821 (Dion.
1209 745 1239 810 V
1254 748 1306 831 25,
1323 748 1366 827 2),
1388 765 1468 812 cum
1570 773 1571 798 2

295 847 410 916 Antias
432 847 597 930 expressis
619 847 728 913 verbis
748 867 770 912 a
783 847 916 913 Valerio
931 843 1103 914 Publicola
1125 847 1210 914 banc
1230 848 1339 930 legem
1360 847 1467 912 latam

296 967 368 1016 esse
397 955 480 1018 teste
501 946 676 1016 Plutarcho
706 953 747 1025 (c.
768 950 817 1030 16,
833 950 907 1030 207,
924 951 955 1022 5)
984 949 1171 1016 rettulisset
1216 947 1283 1014 Sed
1307 947 1361 1014 bin
1382 968 1467 1014 sane
1571 1011 1572 1028 ,

294 1056 433 1136 apparet
452 1037 494 1120 ne
517 1050 565 1116 illi
588 1049 721 1133 quidem
743 1051 923 1118 mutentiae
945 1049 1124 1132 quidquam
1146 1051 1276 1116 obstare
1297 1051 1468 1116 Valerium

294 1154 475 1235 Antiatem,
512 1170 597 1234 quae
632 1171 676 1218 cx
705 1152 822 1220 eodem
850 1150 940 1218 sonte
968 1152 1146 1235 petiverat,
1176 1172 1219 1218 ex
1247 1171 1313 1235 quo
1347 1159 1467 1220 aucwr

295 1253 446 1337 Dionysii
468 1253 562 1330 (nibil
584 1259 725 1328 mamus)
747 1253 872 1336 bausit,
901 1255 935 1318 in
964 1251 1116 1335 propriae
1143 1253 1288 1319 familiae
1310 1254 1465 1337 gloriam,

293 1354 419 1424 Valerii
446 1354 550 1438 ipsius
579 1356 709 1421 nomine
731 1355 869 1437 inserto,
897 1355 1067 1438 paululum
1089 1354 1274 1422 deflexisse.
1319 1354 1466 1422 Omnino

293 1456 377 1526 hacc
402 1456 624 1540 discrepantia
650 1476 715 1522 non
743 1457 841 1524 nimis
864 1467 914 1522 est
935 1457 1130 1541 premenda,
1155 1459 1233 1540 qnia
1257 1458 1467 1541 Diouysiaao

293 1560 343 1624 illi
371 1559 420 1642 τῷ
444 1555 540 1643 δήμῳ
569 1563 676 1628 utrum
699 1560 839 1642 populus
861 1578 904 1622 an
925 1557 1020 1640 plebs
1042 1559 1155 1640 subsit,
1178 1559 1335 1625 incertum
1358 1566 1417 1626 est.

379 1661 431 1730 Nc
446 1660 530 1729 illud
544 1659 688 1743 quidem,
712 1659 799 1743 quod
815 1661 970 1726 inlocum
987 1659 1138 1726 Valeriae
1160 1659 1350 1727 Publicolae
1371 1659 1465 1726 filiae

294 1782 392 1846 qnam
407 1763 523 1828 Antias
545 1761 694 1830 obsidum
718 1759 948 1828 transflumen
972 1759 1196 1844 effugientium
1219 1761 1337 1828 ducem
1359 1763 1465 1830 fnisse

292 1864 473 1932 tradiderat
484 1868 516 1947 ¹),
539 1864 690 1946 Dionysii
708 1869 824 1930 auctor
838 1863 997 1930 Cloeliam
1020 1861 1223 1940 restituisset,
1246 1864 1280 1929 in
1302 1865 1465 1948 scriptore
1574 1921 1575 1938 ,

293 1967 484 2050 saepissime
512 1967 661 2032 diversas
688 1964 881 2032 traditiones
909 1964 1103 2048 inspiciente
1131 1971 1164 2030 et
1189 1967 1408 2050 coniungente
1429 1968 1464 2032 ei

292 2068 427 2136 deberet
466 2069 678 2136 offensionem
712 2086 861 2149 movere,
901 2067 958 2148 qui
995 2066 1230 2147 Dionysianam
1271 2068 1466 2134 memoriam

293 2189 336 2234 ex
358 2168 482 2236 Valerii
504 2171 646 2250 Antiatis
673 2177 820 2236 exortam
842 2187 916 2236 csse
938 2168 1141 2236 coniecisset.
1186 2169 1336 2252 Namque
1360 2171 1463 2236 ctiam
1575 2174 1576 2228 l

291 2271 424 2338 Valeria
445 2272 542 2338 Dion.
567 2271 594 2334 V
618 2274 670 2353 32,
693 2274 713 2336 3
735 2273 819 2338 inter
849 2269 981 2336 obsides
1003 2269 1189 2336 Porsennae
1220 2271 1314 2338 datas
1337 2291 1463 2338 memo·

291 2381 389 2442 ratur.

377 2476 512 2542 Meliore
542 2481 651 2541 antem
680 2476 750 2540 inre
778 2475 922 2557 mireris,
953 2474 1041 2557 quod
1063 2475 1240 2558 Dionysius
1270 2473 1313 2540 de
1339 2475 1462 2558 insigni

290 2578 480 2644 fortitudine
503 2583 598 2656 tacet,
622 2597 719 2661 quarn
736 2576 868 2642 Valeria
889 2575 1065 2642 Plutarcho
1087 2583 1220 2643 anctore
1242 2577 1315 2642 sola
1336 2595 1379 2642 ex
1403 2578 1461 2642 ob-

290 2679 415 2746 sidibus
441 2680 569 2744 insidiis
590 2680 757 2762 oppressis
778 2699 839 2762 per
860 2678 986 2748 medios
1009 2684 1192 2762 pugnantes
1214 2677 1343 2759 fugiens
1365 2698 1463 2762 prae·

290 2783 381 2850 stitit.
426 2781 511 2846 Nam
540 2781 622 2847 haec
652 2781 822 2848 historiola
849 2781 1006 2848 facillime
1029 2781 1253 2863 Dionysiauae
1280 2782 1463 2846 narrationi

291 2885 390 2950 inseri
405 2890 541 2966 poterat.
573 2882 641 2948 Sed
655 2882 815 2948 lubricum
830 2889 880 2947 est
893 2888 1085 2964 argumento
1101 2901 1144 2948 ex
1166 2881 1296 2947 silentio
1318 2883 1461 2966 repetito

291 2985 441 3052 strabus
463 2987 542 3052 satis
565 2985 693 3070 pusillis
716 2985 939 3066 quaestionem
961 2982 1151 3048 diiudicare.

377 3087 493 3170 Neque
509 3095 621 3154 contra
642 3106 702 3152 nos
723 3087 814 3167 facit,
836 3093 872 3150 ut
893 3086 958 3150 inm
981 3103 1080 3167 snpra
1102 3087 1221 3170 monui,
1245 3087 1273 3152 si
1296 3085 1459 3168 quaedam

289 3189 390 3254 alium
407 3191 596 3272 scriptorem
619 3194 747 3256 secutus
763 3188 914 3269 Dionysii
937 3194 1050 3253 auctor
1064 3189 1119 3252 vel
1136 3187 1273 3254 tradidit
1287 3188 1343 3254 vel
1358 3207 1460 3254 nova·

290 3291 348 3356 vit.
379 3289 475 3368 Quod
487 3291 586 3356 etiam
602 3291 635 3355 in
651 3291 809 3374 proelium
824 3288 908 3354 illud
922 3289 1020 3370 cadit,
1037 3288 1125 3372 quod
1141 3289 1318 3372 Dionysius
1331 3289 1358 3352 V
1372 3293 1424 3371 31,
1440 3295 1457 3354 1

290 3401 323 3458 et
344 3413 365 3456 a
387 3391 561 3458 Plutarcho
585 3413 612 3460 c.
631 3396 669 3456 17
694 3399 727 3458 et
741 3412 762 3456 a
776 3391 871 3456 Livio
885 3391 917 3456 ll
935 3395 971 3454 11
997 3391 1186 3474 discrepans
1209 3398 1346 3456 enarrat
1385 3391 1462 3470 Qua

185 3487 188 3492 “
289 3493 333 3559 de
355 3513 390 3559 re
412 3496 553 3576 primurn
574 3493 850 3579 praemonendum
866 3499 916 3560 est
929 3499 1094 3559 auctorem
1109 3493 1261 3576 Dionysii
1277 3493 1374 3558 etiam
1390 3496 1459 3560 alio

288 3595 362 3660 loco
384 3597 577 3662 narrationis
605 3597 688 3662 hanc
716 3616 858 3680 pugnam
887 3596 1076 3662 collocasse.
1121 3595 1173 3660 Dx
1200 3613 1239 3660 eo
1262 3597 1349 3662 euim
1371 3596 1457 3680 loco,

290 3697 346 3762 ubi
368 3698 456 3780 apud
472 3699 602 3764 Livium
624 3705 657 3764 et
671 3698 879 3764 Plutarchum
893 3698 1043 3779 occurrit,
1066 3699 1100 3762 in
1122 3697 1224 3762 multo
1241 3698 1457 3779 posteriorem

289 3801 496 3883 transposuit,
518 3803 589 3868 sine
604 3800 704 3866 dnbio
726 3819 766 3866 eo
781 3800 929 3882 consilio,
951 3808 986 3864 nt
1003 3799 1207 3882 gravioribus
1228 3799 1334 3866 causis
1356 3819 1456 3882 qnam

379 3952 404 4012 1)
422 3948 561 4003 Valerium
580 3950 716 4003 Antiatem
735 3949 853 4005 Cloeliae
870 3947 967 4003 merita
984 3948 1067 4016 plane
1083 3947 1204 4002 tacuisse
1222 3950 1250 4002 ct
1271 3948 1299 4002 in
1318 3947 1456 4002 Valeriam

288 4033 417 4101 gentilem
440 4049 517 4088 suam
538 4035 713 4090 transtulisse
731 4035 924 4104 comprobasse
947 4032 1013 4086 mihi
1030 4033 1123 4088 uideor
1140 4031 1169 4086 iu
1181 4027 1373 4088 ‘ilriechiscbe
1389 4033 1455 4086 Stu-

290 4119 352 4172 dien
369 4118 389 4172 f.
409 4119 443 4173 Η.
462 4113 586 4187 Lipsius'
604 4136 631 4188 p.
652 4125 710 4174 170.
