3270 4968
443 381 485 436 De
503 381 627 438 codicum
644 383 844 442 Isocrateorum
861 387 1032 444 auctoritate.
1276 391 1318 452 17

161 560 257 635 μεθα
286 555 334 620 Λα
358 556 411 632 (=
429 555 624 642 (ballium).
651 562 720 624 ·47.
745 547 824 624 ὅσα·
849 563 880 623 Γ
896 581 960 644 pr.:
991 555 1079 626 ὅσων
1101 582 1181 629 corr.
1198 569 1228 646 4,
1259 566 1319 631 Λα.

162 661 214 723 49.
245 655 354 732 καλῶς
382 661 413 722 Γ
437 677 500 741 pr.:
530 665 642 735 κακῶς
673 679 752 727 corr.
785 665 815 744 4,
845 662 895 725 Λα
918 665 969 740 (=
985 663 1117 743 ΘαΛα).
1165 669 1235 732 136.
1259 690 1319 746 με·

162 758 276 836 λέταις
299 770 532 842 παρασκευαῖς
556 766 588 824 Γ
604 782 663 847 pa,
687 772 762 838 ταῖς
777 783 802 830 s.
819 783 849 830 v.
866 763 942 830 add.
961 762 1003 850 ib,
1027 766 1083 830 καὶ
1099 787 1124 834 u.
1142 787 1172 834 v.
1188 767 1264 835 add.
1282 773 1318 836 4:

160 861 320 942 μελέταις
342 861 399 926 καλ
414 871 490 938 ταῖς
512 875 748 946 παρασκευαῖς
762 867 812 930 Aa
828 869 881 945 (=
897 866 1072 944 ΛΘαΛα).
1120 871 1190 936 137.
1219 866 1319 956 ὀκνή-

164 985 282 1028 σουσιν
306 968 336 1026 Γ
354 985 401 1048 pr.
426 965 475 1028 Δα
496 984 560 1050 pr.:
583 989 634 1048 γρ.
658 961 883 1055 ὁμονοήσουσι
906 969 939 1034 in
961 991 1025 1054 mg.
1040 970 1115 1038 add.
1134 976 1164 1035 Γ
1183 993 1263 1040 corr.
1287 978 1319 1059 4,

161 1067 212 1131 Aa
227 1086 274 1150 pr.
292 1069 345 1144 (=
364 1066 495 1144 ΘαΛα).
542 1070 613 1133 137.
637 1069 810 1154 ποιήσωσι
833 1074 864 1133 Γ
882 1091 947 1156 pr.:
971 1095 1032 1136 ποι
1048 1121 1056 1139 .
1072 1121 1080 1138 .
1096 1077 1159 1138 cicc
1183 1095 1262 1142 corr.
1286 1081 1316 1157 4,

161 1169 211 1234 Δα
234 1171 289 1246 (=
304 1169 478 1248 ΛΘαΛα).
527 1172 596 1236 139.
621 1163 705 1234 ἀλλὰ
728 1175 759 1235 Γ
781 1193 839 1256 pn..
870 1173 927 1237 καὶ
957 1194 981 1240 s.
1009 1195 1039 1240 v.
1066 1174 1141 1242 add.
1165 1181 1199 1242 4:
1235 1173 1318 1240 ἀλλὰ

161 1271 218 1336 καὶ
241 1271 290 1334 Δα
314 1274 367 1348 (=
386 1271 514 1350 ΘαΛα).
563 1277 633 1338 141.
657 1273 849 1354 λομαιώνας
872 1279 903 1338 Γ
921 1294 980 1359 pn,
1003 1296 1101 1361 supra
1123 1302 1159 1342 αι
1183 1299 1264 1346 eras.
1289 1303 1316 1363 e,

161 1397 177 1438 ε
191 1381 232 1440 ex
244 1396 279 1438 αι
292 1393 372 1440 corr.
384 1377 419 1438 4:
443 1374 635 1454 λυμαιώνας
646 1379 679 1439 Δ
687 1395 746 1460 pn,
761 1375 934 1458 λυμεῶνας
952 1397 1032 1445 corr.
1049 1383 1062 1443 1
1077 1381 1130 1456 (=
1140 1383 1314 1460 ΛΘαΛα).

247 1491 338 1572 Quae
361 1495 470 1564 omnia
491 1495 611 1561 collata
633 1501 731 1579 atque
753 1515 913 1580 perpensa
931 1497 1164 1566 dubitationem
1180 1521 1244 1567 non
1266 1521 1315 1570 re·

160 1596 320 1679 linquunt,
344 1597 420 1680 quin
436 1597 581 1664 codicem
597 1597 788 1670 Vaticanum
805 1619 846 1665 ex
862 1599 1018 1666 Urbinate
1036 1601 1108 1684 ipso
1124 1609 1227 1668 ortum
1243 1622 1314 1672 esse

160 1717 359 1765 censeamus.
415 1697 481 1764 Sed
511 1701 649 1767 fortasse
684 1701 781 1767 etiam
815 1703 953 1768 certiora
986 1703 1069 1769 scire
1099 1704 1184 1771 licet.
1230 1705 1313 1772 Nam

160 1799 288 1868 etiamsi
317 1800 461 1868 codicem
489 1801 680 1869 Vaticanum
709 1803 752 1868 ad
786 1803 974 1871 Urbinetem
1005 1805 1209 1872 referendum
1243 1827 1314 1874 esse

160 1909 295 1987 constat,
324 1903 457 1970 dubium
480 1903 589 1970 adhuc
611 1911 669 1989 est,
699 1913 777 1989 quot
805 1906 970 1973 codicibus
999 1909 1197 1991 interpositis
1221 1909 1314 1978 Urbi·

159 2005 244 2072 natis
277 2006 378 2072 verba
410 2004 452 2071 ad
485 2006 630 2074 codicem
663 2007 853 2074 Vaticanum
887 2011 1101 2092 pervenerint.
1158 2009 1315 2089 Quattuor

159 2109 245 2174 enIm
268 2109 398 2175 saecula
420 2109 503 2174 iuter
526 2107 671 2177 codicem
693 2109 881 2176 Urbinetem
907 2118 940 2176 et
962 2111 1107 2178 codicem
1122 2113 1320 2181 Vaticanum.

159 2216 310 2277 exaratos
332 2211 588 2294 intercesserunt,
621 2231 705 2294 quac
727 2232 790 2278 unc
820 2213 958 2280 fortasse
986 2213 1070 2280 saltu
1100 2215 1313 2282 transilienda

158 2333 223 2378 non
246 2319 327 2379 sunt.
366 2311 462 2378 (terta
483 2319 592 2380 tamen
614 2313 735 2380 indicia
757 2314 902 2381 codicem
919 2314 1109 2382 Vaticanum
1127 2317 1255 2400 longius
1269 2318 1311 2384 ab

157 2415 315 2483 Urbinate
337 2415 567 2482 removendum
591 2435 656 2482 non
678 2435 749 2483 esse
772 2417 897 2484 docent.

244 2536 281 2600 In
294 2535 437 2601 oratione
450 2535 526 2600 VIII
538 2538 556 2612 ξ
570 2535 663 2616 53154
681 2535 764 2601 enim
780 2535 945 2603 Urbinatis
961 2537 1111 2603 libramus
1127 2535 1311 2604 homoeote-

157 2637 245 2703 leuto
260 2643 334 2720 post
349 2636 481 2703 verbum
499 2657 528 2720 q.
546 2656 574 2703 e.
590 2633 786 2720 προστάτας
801 2637 974 2721 perductus
994 2638 1102 2704 omnia
1116 2637 1199 2706 haec
1213 2640 1314 2708 verba

156 2739 302 2806 iteravit:
315 2741 467 2817 νέμωσιν,
479 2729 610 2804 ciuoid'
621 2734 836 2821 οὗκυίόμεθα
845 2737 902 2826 τὴν
911 2735 1014 2824 αὐτὴν
1024 2741 1200 2826 λήψεσθαι
1211 2740 1311 2822 δόξαν

156 2851 230 2917 τοῖς
253 2846 465 2925 προεστῶσαν
489 2836 593 2925 ἡμῶν.
620 2846 780 2907 τυσοῦτον
806 2840 841 2907 δὲ
867 2841 1073 2926 διαφέρομεν
1097 2848 1163 2906 τῶν
1186 2842 1313 2928 προγό-

156 2963 233 3016 νων,
258 2935 337 3004 ὅσον
361 2937 485 3004 ἐκεῖνοι
507 2940 568 3020 μὲν
583 2939 663 3018 τοὺς
678 2937 799 3017 αὐτοὺς
814 2940 1020 3024 προστάτας.
1057 2941 1161 3024 Quem
1180 2944 1310 3028 quidem

156 3061 297 3110 errorem
321 3048 480 3109 corrector
500 3040 531 3104 1¹>
552 3044 681 3111 liueolis
698 3043 804 3113 curvis
819 3045 852 3110 in
874 3046 1019 3128 margine
1041 3048 1198 3131 appositis
1214 3049 1311 3131 signi-

155 3143 283 3227 ficavit3
313 3143 521 3211 nihilominus
549 3146 582 3210 in
605 3145 761 3212 Vaticano
790 3165 918 3230 quoque
947 3153 1014 3212 tota
1043 3146 1123 3214 haec
1154 3149 1314 3231 partibula

156 3247 295 3328 repetita
316 3247 441 3330 legitur.
480 3245 565 3326 Quin
588 3247 684 3313 etiam
707 3249 739 3313 in
756 3269 795 3314 ea
810 3249 963 3314 orationis
978 3249 1041 3326 „de
1056 3251 1312 3333 permutatione“

156 3355 258 3431 parte,
270 3368 353 3432 quae
369 3347 453 3416 hunc
464 3351 570 3416 locum
587 3351 724 3434 excepit,
737 3351 851 3416 eadem
864 3351 964 3417 verba
978 3351 1143 3434 duplicata
1154 3352 1311 3420 videmus.

243 3451 292 3515 Ex
316 3450 429 3517 eadem
450 3453 595 3520 oratione
618 3453 681 3526 „de
697 3458 798 3538 pace“
822 3453 904 3519 alios
920 3453 1075 3536 quosdam
1093 3453 1182 3520 locos
1198 3453 1310 3540 affero,

154 3553 212 3637 qui
234 3552 331 3620 modo
354 3553 520 3621 laudatum
543 3554 746 3621 confirmant:

243 3657 336 3731 425.
380 3654 570 3740 παιήσομεν
593 3661 624 3720 Γ
642 3677 699 3741 pr„
727 3654 926 3741 ποιήσωμεν
951 3677 1030 3724 corr.
1055 3659 1089 3722 2:
1120 3679 1227 3742 ποιησ
1248 3681 1311 3738 μεν

155 3760 188 3820 Δ
207 3777 265 3840 pn,
291 3781 308 3820 ο
332 3759 496 3844 supplevit
517 3780 596 3826 corr.
624 3764 664 3824 1².

241 3878 259 3951 ξ
284 3877 334 3941 84.
373 3875 502 3942 δεκελει
519 3925 527 3942 .
545 3923 552 3938 .
568 3873 770 3963 νεσνηκόσσς
790 3881 821 3941 Γ
832 3897 879 3961 pr.
896 3881 1020 3956 (erasae
1036 3884 1109 3944 sunt
1124 3881 1143 3940 2
1159 3879 1311 3963 liberae),

156 3988 532 4112 δεκελειλλονεσνηκόσος
555 4049 635 4097 corr.
660 4032 695 4094 2:
720 4027 852 4094 δεκελει
876 4027 1040 4112 [lacunaii
1062 4025 1135 4116 litt]
1166 4028 1265 4108 κότος
1280 4035 1313 4098 Δ

152 4149 212 4212 pr„
236 4151 421 4218 ασσυνεστη
446 4133 549 4216 suppl.
576 4137 617 4198 1².

205 4236 318 4292 Leipziger
332 4238 433 4284 Studien.
445 4239 521 4283 XVII.
1139 4237 1172 4296 2,
