3198 4974
248 398 290 452 De
308 397 430 454 lontibus
447 396 572 468 Dionysii
587 396 837 455 Hehcurnassensis
854 397 1028 468 quaestiones
1045 397 1146 453 ramae.
1221 396 1285 456 187

124 569 289 638 Plutarchi
305 589 377 636 cnm
393 570 546 655 Dionysii
561 571 681 638 collata
694 571 792 638 facile
815 571 1030 654 cognoscitur,
1054 590 1097 636 ex
1118 588 1184 652 qua
1206 570 1284 653 quin

39 711 43 722 ·
124 675 196 756 illa,
226 673 247 738 i.
270 691 299 738 e.
322 672 445 740 Valerii
474 673 595 756 ipsius,
627 671 769 740 deducta
797 679 830 740 et
859 669 1087 740 transformata
1115 672 1173 749 sit,
1202 670 1283 738 mihi

124 773 255 859 quidem
283 793 348 839 ncn
377 779 427 840 est
448 773 592 841 dubium.
637 773 811 843 Plutarcho
836 775 921 841 enim
946 775 1000 842 vel
1022 775 1131 857 potins
1152 773 1283 840 Antiate

121 882 253 945 auctore
268 875 422 944 Horatius
437 876 480 944 ab
503 876 713 960 optimatibus
735 877 886 944 incitatos
906 882 965 959 est,
988 882 1024 942 ιιι
1045 874 1282 942 dedicationem

122 984 301 1062 appeteret
346 978 453 1046 Etiam
476 975 540 1044 hac
561 978 738 1046 mutatione
761 977 885 1061 effecit,
913 984 949 1044 ut
971 976 1137 1062 turpitudo
1159 977 1283 1046 bandis

123 1080 324 1148 Valeriorum
352 1080 589 1163 aliquantulum
617 1080 876 1162 imminueretur,
907 1085 1019 1163 utpote
1047 1079 1104 1162 qui
1134 1080 1284 1146 iniuriam

121 1188 289 1267 acceptam
312 1181 426 1248 ulcisci
448 1180 655 1249 studuissent.

207 1285 271 1351 Hic
295 1304 360 1351 non
381 1285 524 1350 alienum
545 1290 623 1366 puto
645 1304 667 1349 a
688 1302 733 1366 re,
757 1281 876 1350 huius
906 1281 954 1350 de
983 1284 1136 1366 templo
1165 1282 1281 1350 dedi·

120 1394 213 1456 cato
241 1387 410 1454 fabulae
438 1385 659 1453 historiam
688 1385 889 1467 inserere,
928 1403 1025 1469 quam
1055 1385 1282 1453 dilucidiorem

121 1509 220 1573 quam
248 1489 332 1556 alias
360 1489 502 1556 solemus
530 1489 717 1572 perspicere
744 1507 784 1554 ac
812 1486 1013 1570 distinguere
1041 1507 1228 1572 possumus,
1255 1489 1283 1554 si

119 1609 176 1672 ea,
207 1609 290 1673 quae
312 1590 406 1656 varia
427 1588 471 1656 ad
492 1609 552 1656 nos
573 1607 769 1673 pervenere,
801 1590 953 1672 exempla
975 1591 1021 1656 ita
1042 1591 1126 1656 inter
1149 1609 1184 1657 se
1207 1611 1282 1657 oon·

118 1689 270 1775 feremus,
292 1697 328 1758 ut
349 1692 488 1758 alterum
510 1710 553 1758 ex
574 1693 677 1760 altero
699 1691 886 1758 deducatur.

206 1795 255 1862 Ac
291 1795 431 1879 primum
468 1795 601 1877 quidem
637 1795 665 1862 si
702 1795 903 1878 originem
946 1793 1076 1860 totius
1112 1794 1281 1862 tabulae

118 1898 266 1981 qnaeris,
297 1897 517 1980 discrepantia
545 1896 707 1979 quaedam
730 1897 894 1962 annalium
917 1896 1128 1979 scriptoribus
1150 1896 1281 1964 videtur

117 1999 292 2067 offensioni
306 1999 416 2082 luisse,
439 2017 512 2065 oum
528 1999 595 2064 alia
613 1998 700 2065 facta
723 2017 794 2066 esse
818 2004 1054 2083 exspectarent,
1077 1999 1145 2066 alia
1166 2018 1282 2067 munu-

117 2103 236 2170 mentis
270 2101 368 2169 credo
395 2107 509 2168 notata
535 2100 693 2167 viderent.
745 2100 829 2166 Nam
857 2101 899 2166 ll.
930 2100 1100 2168 Horatium
1133 2119 1169 2168 re
1202 2120 1282 2168 vera

116 2205 275 2289 templum
303 2201 490 2286 dedicasse,
520 2202 611 2268 testis
640 2203 711 2270 sine
740 2201 840 2268 dubio
870 2203 1037 2268 etiamtum
1066 2201 1182 2269 aderat
1207 2204 1281 2287 ipsa

117 2307 232 2392 templi
268 2305 435 2389 inscriptio
469 2303 680 2371 dedicatoria.
732 2301 827 2382 Quod
859 2305 1079 2370 testimonium
1113 2324 1178 2370 non
1211 2305 1282 2372 sine

115 2409 335 2476 admiratione
350 2407 502 2474 videntur
523 2407 573 2472 illi
595 2407 724 2492 legisse,
747 2406 900 2490 quoniam
922 2412 1053 2490 praeter
1074 2403 1159 2472 hunc
1181 2404 1281 2474 hono·

116 2531 186 2580 rem
202 2518 374 2596 acceptum
389 2516 422 2576 et
437 2509 639 2576 consulatum
661 2509 797 2576 fortasse
819 2513 947 2590 gestum
969 2507 1052 2574 nihil
1074 2509 1215 2592 gloriose
1237 2508 1280 2574 ab

116 2635 156 2682 eo
185 2615 266 2682 facti
293 2630 400 2696 neque
427 2612 461 2678 in
490 2611 677 2694 annalibus,
701 2610 755 2695 qui
779 2610 945 2695 dicontur,
968 2611 1120 2678 maximis
1142 2610 1281 2677 relatum

114 2737 224 2802 neque
255 2715 420 2782 hominum
448 2713 606 2780 memoria
633 2719 850 2796 propagatum
879 2713 1098 2780 inveniebant.
1150 2711 1280 2795 Contra,

115 2819 174 2903 qni
192 2819 324 2900 collega
346 2817 416 2883 eius
439 2816 473 2882 in
495 2815 663 2882 consulatu
686 2821 765 2898 erat,
788 2815 824 2880 P.
841 2813 964 2882 Valerii
980 2817 1169 2884 Publicolae
1191 2822 1281 2884 tanta

114 2921 278 3006 paulatim
294 2918 399 3002 gloria
421 2917 563 2985 etfama
585 2924 617 2984 et
638 2915 822 2985 fictionibus
845 2918 944 2986 variis
960 2919 1163 2987 Valeriorum
1185 2927 1282 2985 ancta
1396 2933 1398 2940 ·

115 3029 285 3104 creverat,
315 3027 351 3087 ut
378 3021 443 3086 iam
472 3039 532 3102 per
558 3021 700 3086 omnium
723 3038 854 3086 orares
877 3019 919 3086 ab
943 3039 983 3087 ec
1006 3029 1118 3105 gestae
1140 3022 1195 3088 vel
1216 3040 1281 3086 non

114 3130 231 3209 gestae
246 3125 413 3190 ferrentur.
452 3119 560 3198 Quare
583 3141 697 3189 causas
719 3121 950 3189 desiderabant
972 3122 1117 3191 historici
1140 3125 1200 3208 illi,
1224 3142 1281 3190 cur

114 3247 181 3294 non
195 3227 297 3294 etiam
312 3224 425 3309 templi
441 3223 606 3290 dedicatio
619 3222 749 3291 Valerio
764 3226 873 3309 potins
895 3245 993 3308 qnam
1009 3225 1145 3293 Horatio
1169 3225 1280 3292 delata

114 3334 213 3396 essct
260 3325 348 3404 Quas
377 3325 526 3392 videmus
553 3326 662 3392 varias
690 3326 732 3393 ab
762 3327 809 3392 eis
839 3333 985 3411 repertas
1018 3347 1109 3411 esse,
1144 3347 1279 3412 quarum

113 3449 215 3498 unam
230 3434 339 3496 tamen
361 3433 489 3513 praeter
511 3432 635 3494 ceteras
658 3435 691 3494 et
712 3429 921 3512 simplicitate
944 3435 977 3496 et
998 3429 1147 3496 veritatis
1169 3430 1280 3513 specie

113 3531 338 3600 commendari
353 3536 387 3597 et
401 3529 494 3612 qnasi
511 3548 570 3596 suu
583 3536 699 3613 sponte
722 3550 758 3598 se
781 3530 898 3599 offerre
920 3551 1054 3599 necesse
1078 3538 1157 3598 erat.
1195 3530 1280 3598 Nam

112 3653 188 3700 com
218 3631 454 3716 antiquissimis
483 3636 570 3698 certe
599 3633 796 3716 temporibus
825 3633 888 3700 nisi
912 3634 1078 3700 consulem
1100 3640 1156 3700 aut
1179 3634 1280 3718 impe·

112 3742 260 3802 satorem
288 3734 445 3818 templum
473 3731 626 3800 dedicare
648 3733 743 3800 Livio
769 3740 852 3800 teste
865 3736 887 3812 ¹)
910 3735 960 3802 ias
982 3755 1046 3801 non
1069 3743 1171 3820 esset,
1200 3736 1280 3820 quid

112 3837 300 3921 promptius
329 3853 400 3902 esse
430 3841 574 3920 poterat,
608 3835 694 3918 quod
724 3837 924 3920 conicerent,
959 3857 1057 3920 quam
1089 3846 1173 3921 tum,
1208 3858 1280 3905 oum

205 4075 231 4138 1)
250 4067 293 4125 Gi.
306 4069 364 4124 hir.
382 4068 424 4123 lx
436 4072 478 4137 46,
492 4074 505 4123 l
521 4063 542 4123 ‘.
562 4106 569 4120 .
589 4109 596 4122 .
616 4083 678 4124 cum
695 4083 771 4124 more
787 4069 920 4128 maiorum
938 4077 1051 4140 negaret
1069 4072 1122 4128 nisi
1141 4073 1280 4130 consulem

111 4160 162 4212 unt
179 4156 375 4224 imperatorem
393 4168 478 4223 posse
494 4151 625 4222 templum
644 4147 787 4209 dedicare.³
