3318 4970
472 405 515 460 De
531 405 635 474 legione
652 405 836 462 Romanorum
853 409 875 463 1.
894 409 1043 467 Adiutrice.
1293 407 1333 474 35

269 577 403 644 Ineunte
426 583 533 644 autem
556 599 639 646 anno
657 584 707 646 70.
731 600 803 647 cum
826 584 1004 668 tumultum,
1027 603 1122 669 quem
1145 585 1259 654 Civilis
1281 589 1338 656 ille

179 679 324 746 Batavus
353 680 386 744 in
408 679 583 746 Germania
605 681 778 767 Galliaque
806 693 962 768 moverat,
993 688 1175 771 opprimere
1204 709 1337 758 necesse

179 788 275 863 esset,
299 781 444 864 legiones
467 801 508 849 ex
523 782 682 867 Hispania
697 804 825 869 quoque
847 787 890 853 ad
906 786 1052 854 Rhenum
1060 791 1081 867 ¹)
1104 796 1235 857 coactae
1254 797 1336 859 sunt.
1371 784 1374 788 ’

179 883 295 966 Itaque
310 883 484 966 quaeritur,
509 903 667 968 quaenam
690 888 835 971 legiones
858 888 900 954 ad
923 889 957 955 id
980 889 1099 956 bellum
1123 911 1165 958 ex
1180 891 1338 976 Hispania

179 987 315 1068 accitae,
339 991 444 1051 utrum
467 1005 578 1055 omnes
601 994 665 1056 tres
687 990 833 1074 legiones
857 991 890 1056 in
906 990 1112 1059 Germaniam
1134 995 1251 1062 missae
1273 996 1337 1063 sint

178 1106 296 1172 necne3
326 1107 488 1171 quaeres
517 1089 550 1154 in
579 1093 831 1160 controversiam
853 1100 969 1160 vocata
991 1102 1049 1178 est,
1080 1096 1167 1179 quod
1187 1116 1234 1163 -eo
1263 1098 1335 1165 loco

179 1188 394 1272 historiarum,
418 1209 481 1272 quo
503 1191 644 1276 Tacitus,
668 1213 751 1276 quae
773 1196 918 1279 legiones
940 1215 982 1262 ex
1004 1197 1140 1280 singulis
1162 1201 1336 1282 provinciis

178 1290 212 1355 in
228 1289 436 1356 Germaniam
459 1299 587 1361 amotae
609 1296 682 1380 sint,
707 1305 881 1387 enumerat,
904 1297 1027 1366 codicis
1042 1300 1169 1367 litterae
1192 1308 1257 1368 tam
1280 1301 1335 1370 de·

177 1397 336 1476 pravatae
358 1411 398 1458 ac
419 1401 588 1478 corruptae
610 1403 692 1480 sunt,
721 1404 756 1465 ut
783 1400 840 1466 alii
862 1401 924 1467 viri
947 1401 1033 1469 docti
1055 1403 1138 1469 alias
1160 1403 1336 1487 significari

177 1493 410 1570 coniecerint.²)
905 1523 907 1527 ·

262 1594 299 1658 In
333 1593 446 1662 codice
474 1597 605 1680 quidem
633 1621 717 1684 quae
745 1603 788 1696 ari
816 1603 898 1672 hanc
927 1607 1149 1689 quaestionem
1175 1593 1337 1691 pertinent

178 1711 374 1797 compendia
396 1719 469 1780 sunt
491 1714 586 1784 haec:
617 1712 677 1786 ‘ui
699 1742 744 1790 ao
772 1697 873 1806 pma'
899 1759 940 1770 -
964 1724 1048 1792 duae
1071 1725 1168 1808 igitur
1189 1727 1334 1810 legiones

175 1815 373 1898 Hispanicae
400 1827 623 1906 memorantur,
652 1843 735 1906 quae
765 1825 808 1892 ad
836 1825 983 1893 Rhenum
1012 1828 1185 1894 translatae
1208 1828 1272 1894 sint
1294 1863 1335 1874 -

178 1926 276 2002 atque
290 1914 500 2021 hathonem),
512 1921 728 2011 nonnam),
740 1927 940 2012 Ritterlingll
951 1922 1336 2013 interpretantur‘sexta

176 2052 222 2097 ao
244 2035 378 2114 prima
401 2053 443 2098 ex
465 2028 624 2111 Hispania
645 2020 796 2112 accitae,
819 2030 877 2096 sed
900 2051 972 2100 cum
996 2051 1105 2099 omnes
1127 2039 1257 2116 propter
1272 2035 1335 2100 'Pa-

176 2134 232 2199 citi
258 2135 374 2219 locum,
406 2136 462 2219 qni
491 2140 539 2200 est
567 2131 600 2195 in
623 2130 828 2198 historiarum
856 2132 931 2198 libri
954 2134 991 2199 V.
1015 2135 1121 2218 capite
1147 2139 1184 2200 19
1197 2137 1230 2220 6),
1262 2156 1335 2202 con·

175 2235 301 2319 cedant,
324 2239 424 2304 etiam
445 2237 606 2319 legionem
629 2233 670 2298 X.
695 2232 865 2300 Geminam
887 2235 930 2300 ad
953 2233 1074 2302 bellum
1097 2236 1229 2303 missam
1252 2257 1335 2324 esse,

174 2347 289 2419 postea
311 2339 346 2405 id
368 2341 489 2406 tactum
512 2357 583 2404 esse
606 2335 811 2403 contendunt.

260 2441 375 2524 Neque
398 2460 475 2508 vero
499 2445 568 2505 erat
589 2439 680 2505 ducis
705 2439 783 2503 belli
805 2437 1002 2521 peritissimi,
1028 2445 1061 2504 ut
1081 2438 1232 2522 Muciani,
1254 2461 1332 2524 pau·

175 2577 378 2587 ————.

263 2629 286 2690 1)
304 2625 363 2679 Hac
386 2624 415 2678 in
439 2637 470 2676 re
487 2628 579 2677 tecum
602 2619 733 2675 deliberes
751 2620 830 2674 selim
853 2619 953 2674 bellum
970 2618 1111 2675 Iudaicum
1128 2621 1248 2676 nondum
1268 2639 1334 2678 con-

172 2707 276 2766 lectum
297 2707 383 2764 irrisae
408 2708 556 2776 eodemque
578 2710 700 2776 tempore
717 2705 855 2772 Sarmatas
877 2705 905 2760 in
923 2705 1062 2775 illyricum
1085 2706 1176 2763 subito
1200 2707 1340 2765 invasisse,

145 2807 152 2822 ·
174 2795 222 2860 (oi
241 2793 311 2848 Tac.
330 2795 395 2849 hist.
413 2792 436 2848 1.
457 2795 472 2844 2
490 2799 517 2846 et
535 2797 586 2852 llll.

261 2883 286 2945 2)
303 2877 367 2933 hiat.
386 2877 435 2934 1v.
455 2881 497 2932 68.
532 2877 659 2932 Editores
677 2875 759 2931 verba
776 2876 849 2932 hunc
867 2876 894 2930 iu
913 2876 1021 2932 modum
1040 2878 1181 2934 exhibent:
1200 2872 1333 2948 ‘legiones

173 2963 298 3018 victrices
316 2970 414 3019 octaua
431 2961 575 3017 undecima
592 2961 642 3027 (sic
660 2961 765 3016 demum
784 2961 984 3030 Nipperdeius),
1008 2961 1216 3019 Vitellianarum
1234 2970 1331 3020 unaet-

172 3049 309 3112 ricesima‚
337 3063 353 3103 e
379 3063 475 3103 recens
503 3047 665 3116 conscriptis
692 3047 813 3102 secunda
838 3047 966 3103 Poeninis
994 3047 1179 3119 Cottianisque
1206 3049 1332 3118 Alpibus,

173 3149 239 3203 pars
258 3137 350 3189 monte
364 3134 448 3190 Graio
466 3133 661 3201 traducuntur3
680 3139 777 3202 quarta
795 3132 908 3188 decuma
925 3133 994 3202 legio
1007 3149 1023 3188 e
1035 3134 1185 3201 Britannia,
1204 3141 1281 3189 sextu
1299 3150 1332 3190 ac

174 3219 290 3276 decuma
308 3219 357 3286 (sic
374 3217 502 3287 Sariliusl
520 3234 554 3274 ex
571 3217 703 3286 Hispania
721 3213 842 3274 accitae’.

258 3308 283 3371 3)
301 3305 320 3360 1.
338 3304 357 3359 1.
375 3321 403 3374 p.
423 3308 483 3358 317.
502 3305 564 3362 adn.
584 3307 609 3359 3.
1338 3349 1340 3354 a

258 3395 283 3457 4)
301 3389 393 3445 Herm.
411 3389 486 3446 XIX.
498 3406 528 3459 p.
541 3394 601 3444 440.
620 3389 683 3444 adn.
698 3395 720 3455 1,
739 3389 786 3444 ubi
802 3389 856 3444 iam
872 3389 931 3458 ipse
948 3389 1070 3456 mutavit,
1089 3389 1162 3459 qnod
1174 3389 1266 3445 Herm.
1279 3390 1329 3446 III.

170 3493 196 3546 p.
217 3479 266 3532 119
284 3476 347 3532 adn.
372 3477 500 3545 opinatus
523 3480 583 3531 erat
603 3474 735 3542 legionem
756 3473 779 3528 Ι.
797 3474 964 3530 adiutricem
986 3489 1060 3530 anno
1084 3481 1124 3530 70.
1143 3475 1172 3530 in
1195 3475 1328 3546 Hispama

170 3560 341 3616 remansisse.

256 3647 356 3716 5)1.1.
375 3662 402 3715 p.
422 3649 465 3700 38.
484 3677 515 3686 -
533 3645 680 3713 Ritterling
706 3644 846 3712 imprimis,
872 3650 903 3700 ut
929 3646 1092 3701 sententiam
1119 3661 1197 3702 suam
1223 3647 1330 3716 probet,

170 3731 266 3787 laudat
293 3731 376 3788 etiarn
398 3732 484 3788 sirum
507 3732 616 3787 doctum
632 3730 800 3797 Boisserain,
818 3730 865 3800 qui
886 3724 933 3786 ‘de
954 3745 984 3786 re
1005 3731 1115 3787 militari
1137 3731 1332 3802 Hispaniarum

174 3818 378 3888 provinciarum
390 3824 481 3874 aetate
498 3811 681 3890 imperatoria'
698 3817 818 3888 scripsit3
840 3816 918 3872 cuins
935 3817 986 3872 viri
1003 3823 1162 3886 argumenta
1179 3820 1333 3874 examinare

169 3920 226 3960 non
243 3903 331 3973 potui,
351 3905 425 3973 quod
443 3905 501 3960 eius
519 3904 618 3960 librum
635 3904 772 3974 inspicere
789 3918 844 3958 non
861 3903 944 3957 licuit.

255 3993 282 4054 6)
301 3989 392 4046 Verba
409 3995 473 4046 sunt
490 3990 572 4045 haec:
586 3983 711 4059 ‘postera
730 3989 773 4044 die
791 3991 841 4054 (sc,
854 3994 918 4058 post
930 4004 1048 4058 pugnam
1060 3991 1134 4058 apud
1145 3990 1246 4045 Vetera
1258 4005 1330 4046 com-

169 4075 290 4140 missum)
314 4077 412 4143 quarta
435 4076 584 4130 decumana
607 4075 677 4144 legio
701 4075 730 4130 in
753 4073 920 4144 superiorem
942 4074 1112 4143 provinciam
1135 4076 1216 4132 Gallo
1240 4075 1330 4132 Annio

168 4160 267 4228 missa3
288 4159 404 4215 cerialis
423 4161 571 4216 exercitum
589 4161 703 4217 decuma
721 4177 754 4216 ex
772 4159 905 4230 Hispania
922 4161 992 4229 legio
1010 4155 1164 4231 supplevit'.

1089 4249 1125 4302 3*
