3198 4974
238 385 280 439 De
296 383 420 440 fontibus
438 383 566 453 Dionysii
582 382 832 440 Halicarnassensis
851 382 1024 451 quaestiones
1042 383 1141 438 variae.
1214 382 1276 442 193

115 557 257 622 Tiberim
286 559 353 625 suis
380 559 502 624 viribus
531 563 656 638 natans,
688 559 735 636 (ut
757 556 849 622 Serv.
872 556 954 623 Aen.
978 557 1007 638 8,
1029 557 1091 620 646
1122 561 1154 622 et
1176 553 1278 622 schol.

114 659 155 724 ad
176 657 322 726 duvenal.
340 661 369 743 8,
387 661 472 742 265),
496 667 553 726 aut
575 679 659 743 equo
682 665 811 743 arrepto
835 661 882 736 (ut
903 658 1011 724 Valer.
1031 658 1118 724 Max.
1141 661 1170 740 3,
1193 660 1224 741 2,
1241 660 1278 742 23

113 761 385 844 Plor.1,10‚7;
414 761 503 836 (Aur.
527 763 623 840 Vict.)
654 762 695 827 de
724 763 783 827 vir.
806 760 853 826 ill.
881 761 941 838 13).
985 759 1070 826 Nam
1099 759 1188 826 nullo
1211 759 1277 826 alio

113 862 247 928 consilio
276 883 337 932 nec
359 883 457 930 causa
479 861 591 930 fabula
612 864 745 928 inventa
767 867 831 941 est,
861 861 924 928 nisi
947 867 982 926 ut
1004 860 1148 928 Cloeliae
1171 867 1277 928 statua

113 965 270 1047 equestris
298 965 525 1048 explicaretur.
563 965 633 1031 Iam
657 983 735 1030 vero
759 999 799 1008 —
822 962 911 1046 apud
926 963 1056 1029 Livium
1078 963 1277 1030 -comites

111 1063 247 1148 fugienti
286 1065 382 1133 datae
422 1073 496 1134 sunt
540 1068 619 1134 item
652 1069 905 1148 transnatantes,
947 1065 1010 1149 ipsi
1043 1071 1151 1130 tamen
1185 1063 1277 1130 ducis

110 1173 220 1250 partes
242 1168 376 1234 relictae
399 1169 482 1247 (Liv.
505 1169 537 1234 ΙΙ
560 1173 608 1252 13,
625 1171 667 1248 6).
711 1167 826 1233 Elucet
848 1167 881 1231 in
904 1166 1069 1233 Plutarchi
1092 1166 1277 1232 narratione

110 1269 283 1335 Liviauam
311 1275 344 1336 et
373 1289 461 1354 eam,
492 1291 588 1355 quam
617 1270 707 1354 apud
736 1269 806 1336 Val.
829 1267 934 1351 Max,
964 1268 1068 1351 Pleu,
1091 1268 1168 1332 Aur.
1192 1267 1275 1332 Vict.

110 1369 266 1453 legimus,
296 1389 368 1438 esse
391 1374 586 1440 coniunctas.
626 1371 857 1455 cognoscimus
880 1378 988 1437 autern
1010 1375 1175 1436 auctorem
1198 1369 1277 1436 satis

110 1473 226 1538 inscite
255 1473 363 1541 varias
385 1476 558 1542 memorias
587 1474 835 1540 confundentem
865 1480 897 1539 et
920 1472 1199 1555 commiscentem,
1227 1476 1276 1535 ut-

109 1579 186 1656 pote
221 1593 317 1657 quem
350 1577 448 1659 plane
481 1576 632 1643 rideatur
667 1575 819 1660 effugisse
848 1574 1007 1642 Cloeliam
1041 1573 1125 1638 inter
1153 1577 1278 1638 ceteras

110 1677 176 1741 suis
191 1676 317 1743 viribus
333 1679 478 1758 Tiberim
494 1683 730 1746 transnatantes
746 1697 830 1761 equo
848 1683 976 1744 vectam
999 1695 1063 1742 non
1086 1676 1151 1740 iam
1174 1674 1277 1740 solam

110 1782 219 1844 statua
235 1777 366 1862 dignam
382 1799 463 1864 esse,
487 1781 586 1846 immo
602 1780 700 1860 etiarn
715 1779 856 1846 maiores
871 1777 1011 1844 honores
1034 1783 1158 1843 ceteras
1181 1777 1276 1843 meri·

109 1883 158 1945 tas
182 1899 265 1946 esse.

196 1981 247 2047 Ida
275 1981 369 2049 huius
397 1984 591 2050 narrationis
620 1984 742 2066 forma,
772 2001 869 2065 quam
892 1980 1086 2048 Plutarchus
1113 1977 1276 2062 significat

109 2083 219 2150 verbis
237 2089 419 2166 quaesunt,
441 2078 489 2149 ‘oi
513 2077 541 2148 δ’
561 2077 600 2149 od
623 2105 744 2170 φασιν,
769 2074 855 2147 ἀλλὰ
878 2084 1022 2170 τιμῆσαι
1044 2079 1081 2147 τὸ
1106 2073 1275 2165 ἀνδρῶδες

110 2176 214 2271 αὐτῆς
248 2182 307 2250 τὸν
345 2179 529 2274 Τυρρηνόν
561 2187 680 2254 artiore
714 2185 906 2268 cognatione
938 2183 1068 2250 videtur
1105 2184 1277 2250 coniuncta

109 2287 210 2355 fuisse
243 2307 315 2354 curn
338 2288 490 2372 Dionysii
519 2290 678 2356 memoria
705 2289 746 2365 (V
770 2291 809 2354 33
826 2291 897 2371 sq.).
943 2287 1041 2354 Cuius
1071 2285 1212 2352 narratio
1237 2304 1277 2351 ea

109 2389 142 2453 in
171 2410 207 2456 re
239 2409 313 2455 cum
342 2390 480 2456 Liviana
514 2391 678 2474 congruit,
714 2389 801 2472 quod
834 2409 946 2455 omnes
980 2388 1123 2470 virgines
1157 2384 1276 2452 flumen

108 2491 329 2558 transnavisse
359 2491 518 2558 dicuntur.
571 2490 638 2558 Sed
666 2511 753 2558 nova
782 2491 960 2575 explicatio
995 2487 1153 2572 equestris
1187 2489 1276 2554 illius

107 2599 238 2660 statuae
253 2593 330 2660 inde
352 2599 494 2678 paratur,
518 2592 604 2676 quod
621 2592 748 2659 Cloelia
763 2612 784 2658 a
798 2592 965 2659 Porsenna
988 2609 1106 2674 equum
1122 2589 1275 2656 bellicum

107 2697 278 2779 accepisse
299 2701 455 2762 narratur.

194 2797 278 2864 Ourn
293 2798 327 2862 iu
343 2797 405 2864 hac
419 2795 531 2862 fabula
551 2815 728 2879 versemur,
752 2797 938 2880 exemplum
961 2795 1134 2861 adnectere
1157 2795 1277 2881 placet,

109 2917 172 2982 quo
203 2899 386 2966 luculenter
414 2904 551 2983 apparet
558 2948 567 2982 ‚
597 2897 760 2981 quomodo
791 2899 957 2964 annalium
987 2898 1160 2981 scriptores
1192 2898 1276 2964 alius

107 3001 209 3066 alium
227 2999 458 3085 exscripserint
475 3007 507 3066 et
522 3000 671 3084 quamvis
694 3001 859 3068 variantes
884 3007 917 3066 et
938 3000 1145 3065 immutantes
1167 3004 1277 3064 tamen
1394 3085 1396 3089 Ι

108 3103 288 3169 sententias
316 3103 358 3168 ab
387 3103 573 3169 auctoribus
602 3103 668 3169 suis
698 3121 870 3186 expressas
899 3101 1096 3168 reservarint
1125 3099 1180 3166 vel
1202 3100 1277 3166 aliis

106 3203 189 3271 locis
219 3204 425 3271 inseruerint.
477 3201 682 3270 conferenda
710 3210 797 3271 sunt:
827 3203 926 3269 Plut:
965 3197 1003 3266 τὸ
1035 3192 1277 3288 ἀνδρῶδες

106 3306 252 3392 τιμῆσαι
275 3311 323 3372 et:
354 3305 445 3372 Serv.
469 3305 549 3372 Aen.
574 3306 603 3388 8,
628 3309 708 3372 646:
735 3299 916 3372 ‘Porsenna
939 3353 946 3370 .
972 3354 978 3368 .
1004 3353 1011 3368 .
1037 3353 1043 3368 .
1067 3303 1197 3386 rogavit
1218 3321 1278 3386 per

106 3407 236 3474 litteras
251 3408 408 3491 populum
423 3406 615 3494 Romanum,
638 3414 674 3473 ut
689 3408 720 3474 ei
743 3408 798 3486 (sc.
816 3404 975 3488 Cloeliae)
998 3403 1124 3488 aliquid
1146 3404 1277 3470 virile

106 3498 364 3593 decerneretur'3
396 3515 428 3574 et
450 3507 546 3573 Dion.
575 3508 605 3572 V
628 3509 685 3592 34,
714 3511 750 3572 3:
779 3503 839 3573 ταν
867 3499 970 3572 πόλιν
999 3507 1190 3598 μακαρίσας
1218 3509 1275 3582 (sc.

106 3609 288 3686 Porsenna)
319 3606 377 3674 ἐπὶ
406 3609 456 3693 τῷ
471 3658 582 3674 .....
600 3605 821 3696 ἐκτρέφειν
839 3655 846 3671 .
864 3659 871 3674 .
887 3609 944 3673 καὶ
975 3609 1171 3692 παρθένους
1201 3597 1277 3671 ἆν-

107 3707 267 3793 ὄράσιν
290 3705 458 3794 ὁμοίας,
485 3708 644 3797 δωρεῖται
666 3707 726 3797 τὴν
749 3708 849 3799 κόρην
870 3709 983 3794 ἵππῳ.

588 3917 793 3927 ———-—..—

159 4225 278 4281 Leipziger
291 4225 392 4272 Studien.
405 4225 481 4270 XVII.
