3282 4968
467 372 509 428 De
527 372 651 428 codicum
668 372 867 430 hoorateornm
884 375 1056 431 auctoritate.
1320 377 1337 436 7

271 545 401 614 Oodiois
430 546 555 612 litterae
582 546 701 628 ubique
723 546 786 612 sibi
809 552 969 629 constant3
998 547 1056 614 sed
1079 567 1150 614 eum
1174 554 1238 616 tres
1261 550 1338 617 illae

186 655 293 733 partes
322 655 451 732 propter
481 649 705 730 quaterniones
736 647 925 716 dissooiatos
954 650 1036 715 inter
1066 669 1100 717 se
1129 651 1255 734 seiungi
1284 651 1338 719 de·

186 751 292 828 beant,
316 749 486 816 'themistii
510 750 670 816 orationes
692 751 775 817 inter
788 750 939 817 lsoeratis
961 751 1122 818 orationes
1137 760 1169 819 et
1184 755 1338 838 epistulas

186 853 369 920 interiectas
399 871 469 919 esse
498 853 611 937 opinor
639 872 678 919 eo
707 859 866 937 tempore,
900 872 964 935 quo
992 853 1075 919 liber
1102 856 1338 938 conglutinatus

186 961 243 1022 est.
288 955 491 1022 Involuorum
520 961 626 1021 autem
655 954 759 1022 oodioi
790 953 900 1021 datum
930 961 978 1022 est
1007 957 1203 1041 temporibus
1232 977 1339 1042 papae

185 1057 279 1124 Pauli
295 1057 331 1122 V.
348 1055 517 1139 Borghesii
539 1056 710 1141 (1605121),
734 1056 820 1139 quod
836 1077 877 1122 ex
892 1057 1072 1141 principum
1095 1059 1224 1126 illorum
1246 1061 1338 1143 signo

185 1160 307 1242 (aquila
322 1166 354 1225 et
369 1158 506 1243 grypho)
529 1160 685 1242 impresso
708 1159 829 1243 patefit.
873 1157 944 1237 Quo
965 1160 1051 1226 fautu
1073 1160 1154 1226 folia
1174 1162 1207 1227 in
1229 1182 1339 1246 snper·

186 1263 254 1329 iore
280 1262 398 1344 angulo
427 1260 542 1328 dextro
570 1256 709 1328 m'rmeris
737 1267 848 1339 notata
874 1280 945 1330 esse
973 1263 1150 1328 verisimile
1172 1272 1236 1346 est,
1266 1284 1337 1331 oum

186 1383 258 1430 eum
280 1366 343 1430 iam
367 1363 511 1430 ordinem
534 1370 723 1448 sequantur,
746 1384 840 1448 quem
863 1384 948 1431 nunu
970 1366 1003 1430 in
1025 1364 1137 1432 oodioe
1160 1365 1336 1449 deprehen·

185 1466 300 1533 dimus.

269 1569 364 1635 Initio
387 1568 461 1633 libri
483 1573 558 1634 ante
573 1567 804 1633 Isooratearam
828 1567 1006 1634 orationum
1028 1570 1254 1651 quaterniones
1273 1569 1337 1637 duo

184 1671 264 1737 folia
285 1670 456 1738 ebartaeea
478 1671 695 1752 inveniuntur,
720 1688 853 1752 quorum
877 1671 1035 1752 posterius
1058 1670 1139 1738 haee
1161 1672 1261 1738 verba
1283 1691 1338 1738 ex·

187 1772 289 1840 bibet:
318 1772 374 1848 „G.
397 1779 570 1856 guratonus
590 1772 594 1853 Ι
615 1771 786 1838 Sermones
807 1772 958 1840 Isooratis
980 1792 1020 1839 ao
1041 1771 1200 1840 Themisti
1220 1776 1225 1848 t
1244 1772 1337 1841 Saso.

185 1875 263 1940 XIV
282 1875 286 1955 i
306 1877 390 1941 ew
414 1880 445 1940 et
463 1875 496 1940 in
512 1873 662 1940 interiore
678 1873 822 1957 margine
837 1872 1030 1949 „Sermones
1046 1872 1225 1957 hysoeratis
1240 1881 1338 1958 utque

185 1976 360 2060 temystij“;
390 1977 551 2060 inpriore
574 1976 652 2042 folio
674 1975 906 2042 Isocratearum
936 1977 1115 2044 orationum
1143 1976 1243 2043 index
1265 1996 1338 2043 oum

184 2085 262 2145 nota
284 2077 396 2154 „multi
416 2079 513 2161 pretii
528 2077 653 2144 eodex“
677 2077 716 2142 H.
732 2077 852 2143 Amutii
876 2097 972 2144 manu
995 2080 1188 2163 compositus
1211 2079 1337 2161 legitur.

270 2180 449 2262 Librarius,
473 2181 528 2264 qui
550 2180 695 2247 oodioem
719 2180 881 2263 exaravit,
909 2181 1132 2264 inscriptiones
1154 2186 1251 2263 atque
1273 2180 1339 2264 pri·

185 2303 270 2349 mam
287 2302 446 2366 quamque
461 2283 599 2366 partium
616 2283 771 2348 maiorum
782 2282 920 2348 litteram
936 2283 1126 2349 rubricatori
1141 2283 1339 2367 supplendas

185 2386 323 2468 reliquit.
367 2385 399 2451 Is
421 2391 528 2451 autem
551 2404 614 2451 non
640 2384 702 2450 nisi
725 2384 758 2448 in
779 2383 940 2466 prioribus
961 2384 1113 2451 Isocratis
1142 2385 1338 2452 orationibus

186 2507 299 2554 munus
314 2507 405 2553 suum
422 2487 572 2571 absolvit,
596 2505 659 2569 quo
676 2484 824 2552 effeetum
840 2491 897 2567 est,
921 2487 1002 2550 utin
1018 2485 1189 2553 Themistii
1212 2505 1339 2569 quoqne

186 2591 363 2658 orationum
386 2590 486 2655 titulis
509 2589 613 2672 prima
635 2588 752 2670 ubique
775 2587 882 2652 littera
905 2586 1114 2654 desideretur.

272 2690 493 2759 Gerreotorum
516 2696 666 2773 quattuor
680 2708 793 2756 manus
815 2689 1031 2756 seeomendae
1047 2697 1135 2774 sunt;
1158 2690 1215 2757 sed
1231 2690 1273 2756 de
1289 2689 1339 2758 his

185 2813 282 2877 agere
305 2793 475 2878 nonlicet,
499 2799 671 2876 antequam
695 2790 962 2876 eonstituerimns‚
987 2811 1106 2875 exque
1123 2794 1211 2860 fonto
1234 2793 1338 2860 oodex

185 2896 359 2962 Vaticanus
382 2895 537 2978 originem
560 2893 698 2977 duxerit,
722 2894 797 2977 quia
813 2893 875 2960 boo
897 2895 1032 2977 probato
1049 2896 1091 2962 de
1106 2896 1338 2963 oomeotionum

185 2998 288 3082 pretio
311 2997 394 3062 inter
415 3015 473 3062 nos
496 2997 621 3063 facilins
644 2996 822 3063 conveniet.

270 3099 338 3165 Iam
355 3119 397 3164 ex
411 3097 555 3164 Bekkeri
578 3095 720 3163 editione
739 3097 921 3164 innotuerat
943 3098 1088 3166 oodieem
1104 3099 1293 3168 Vatioanum
1309 3105 1341 3164 Δ

186 3201 353 3269 artissimis
376 3201 514 3266 vinunlis
537 3219 608 3266 eum
631 3199 744 3266 eodioe
767 3199 923 3268 Urbinate
945 3199 1133 3285 cohaerere,
1156 3222 1228 3269 enm
1251 3202 1339 3286 apud

185 3303 371 3371 Bekkerum
385 3303 406 3380 ¹)
435 3301 516 3369 haee
538 3301 756 3368 inveniantur:
788 3320 1009 3378 „communem
1033 3299 1127 3368 huius
1150 3323 1220 3370 uum
1244 3304 1337 3371 Urbi-

185 3413 260 3472 nate
282 3405 439 3488 originem
461 3404 568 3487 arguit
596 3405 772 3470 eommunis
793 3404 827 3468 in
849 3410 994 3473 extrema
1022 3403 1162 3472 antidosi
1191 3407 1339 3474 lauune“.

185 3507 237 3574 Ex
252 3506 367 3574 eodem
382 3513 490 3572 eutem
504 3503 681 3589 arohetypo
697 3505 886 3572 Vatioanum
909 3505 1055 3573 oodieem
1071 3506 1252 3574 derivatum
1268 3527 1339 3576 esse

185 3617 282 3692 atque
311 3608 454 3676 uodieem
481 3607 686 3689 Urbinatem,
717 3606 924 3674 confirmabat
952 3627 1125 3676 consensus
1155 3610 1338 3694 leotionum,

186 3730 258 3778 oum
287 3729 403 3778 naneae
432 3707 570 3777 dedeere
592 3728 655 3775 non
682 3708 883 3792 viderentur,
912 3728 996 3792 quae
1024 3709 1231 3796 impedirent,
1260 3732 1337 3795 quo·

185 3814 290 3879 minus
313 3811 433 3879 eodieis
456 3811 603 3878 Vaticani
633 3811 723 3894 origo
746 3811 788 3877 ad
810 3812 915 3894 ipsum
939 3811 1126 3880 Urbinatem
1157 3814 1337 3882 referretur.

186 3912 278 3992 Quae
300 3933 415 3980 oausae
438 3920 529 3980 erant
550 3911 629 3980 hae:

273 4049 298 4112 1)
317 4045 446 4100 Oratores
463 4043 540 4099 attici
557 4059 592 4100 ex
608 4045 764 4102 recemione
782 4044 955 4100 Immanueiis
973 4046 1100 4102 Bekkert.
1119 4045 1196 4103 Tum.
1224 4047 1260 4102 11,
1279 4046 1337 4103 Iso·

187 4135 284 4186 crates.
303 4146 331 4200 p.
346 4135 370 4186 ³.
406 4129 494 4185 Burei
517 4133 591 4186 1823.
