3318 4970
472 384 514 439 De
531 384 636 452 legione
654 383 838 440 Romanorum
856 381 878 436 1.
897 380 1045 436 Adiutrice.
1300 379 1341 438 63

181 560 305 626 innisus
335 559 391 626 ille
420 556 731 641 argumentationem
761 575 852 622 suam
881 554 1027 636 instituit,
1057 571 1174 636 nempe
1202 553 1235 618 in
1264 552 1342 620 Ger·

184 661 295 728 mania
317 660 482 744 superiore
505 665 571 724 tum
594 659 735 741 quinque
758 658 904 740 legiones
926 658 1035 741 fuisse,
1059 676 1170 722 voram
1191 674 1254 722 non
1269 674 1341 722 esse

182 763 285 830 fusius
308 783 407 846 supra
428 762 575 844 exposui,
605 780 669 826 non
698 758 812 842 habeo,
843 758 930 842 quod
960 759 1144 843 singulatim
1174 757 1243 824 cius
1271 776 1342 824 sen·

180 865 314 930 tentiam
336 865 484 930 refutem.

266 965 336 1031 lam
361 966 489 1030 omnino
512 963 547 1029 id
569 961 762 1030 monendum
793 968 843 1028 ost
864 967 964 1028 totam
993 961 1035 1028 de
1058 981 1123 1044 qua
1144 960 1251 1042 agitur
1273 979 1340 1026 rem

182 1068 216 1133 in
250 1086 289 1134 eo
322 1067 462 1150 positam
496 1084 577 1148 csse,
611 1073 646 1130 nt
679 1064 873 1132 concedatur
906 1065 1066 1147 legionem
1095 1064 1119 1128 1.
1142 1062 1342 1131 Adiutricem

181 1189 265 1234 anno
290 1172 340 1233 70.
364 1175 396 1234 et
424 1167 632 1250 sequentibus
662 1169 695 1236 in
717 1167 876 1250 Hispania
904 1166 1106 1234 remansisse.
1152 1165 1220 1232 Sed
1247 1185 1340 1248 argu·

181 1275 323 1336 mentum
351 1271 457 1352 ipsum
479 1269 611 1334 Aemilii
639 1269 810 1352 Ritterling
837 1269 903 1334 iam
930 1267 1012 1334 nihil
1038 1268 1136 1350 valet,
1169 1274 1342 1352 propterea

181 1371 268 1455 quod
302 1371 442 1453 vestigia
474 1371 611 1454 legionis
643 1371 837 1454 nuperrime,
869 1371 897 1436 si
930 1391 995 1437 non
1028 1371 1061 1435 in
1094 1371 1197 1454 ipsius
1231 1370 1342 1435 limitis

181 1473 333 1554 castellis,
367 1480 402 1540 at
433 1473 466 1538 in
495 1473 575 1540 locis
603 1473 697 1538 limiti
725 1473 881 1556 proximis
910 1472 953 1538 ad
981 1473 1086 1538 lucem
1114 1472 1241 1555 prolata
1269 1477 1342 1537 sunt

182 1572 234 1651 (ef.
258 1575 341 1640 inira
362 1594 394 1657 p.
419 1577 483 1650 64).
529 1574 588 1641 His
617 1575 819 1658 potissimum
849 1575 967 1660 tegnlis
995 1573 1099 1640 adiuti
1128 1574 1251 1656 optimo
1273 1574 1343 1640 inre

182 1677 330 1742 conicere
344 1695 515 1760 possumus
538 1676 699 1759 legionem
722 1677 755 1741 in
777 1677 880 1744 limite
901 1676 1029 1759 agendo
1052 1695 1117 1742 una
1138 1677 1342 1742 cemoeterio

182 1796 256 1846 esse
278 1783 449 1844 versatam.
494 1776 588 1855 Quod
612 1797 675 1862 quo
698 1777 825 1844 facilius
848 1779 1062 1861 intellegatur,
1093 1797 1172 1862 quas
1201 1797 1252 1844 res
1275 1784 1342 1843 tum

184 1881 323 1949 Romani
345 1881 378 1945 in
401 1878 576 1946 Germania
597 1880 764 1964 gesserint,
787 1880 929 1947 breviter
951 1899 1123 1962 exponam.

270 1982 363 2048 Bello
387 1980 518 2064 quidem
536 1982 729 2048 Germanico
752 1982 896 2048 confecto
920 1982 1133 2064 Domitianus,
1156 1987 1191 2048 ut
1213 1982 1344 2065 provin·

186 2085 272 2152 ciam
294 2103 390 2166 quam
413 2082 603 2150 firmissimis
626 2083 797 2165 praesidiis
820 2084 862 2150 ab
885 2084 1120 2151 incursionibus
1135 2083 1343 2150 barbarorum

157 2216 159 2220 ·
183 2190 350 2266 tutaretur,
374 2184 469 2252 enixo
485 2204 617 2267 operam
639 2184 739 2252 dedit.
771 2185 815 2252 Ut
830 2187 915 2252 enim
938 2187 1003 2252 iam
1026 2191 1122 2252 antea
1137 2184 1344 2252 Germaniam

183 2285 359 2371 praesidiis
375 2287 580 2370 castellisque
602 2287 636 2352 in
650 2286 756 2354 Rheni
779 2287 895 2354 dextra
916 2288 988 2372 ripa
1009 2286 1191 2370 permunire
1213 2284 1345 2368 studuit,

184 2388 237 2456 his
271 2388 358 2454 bello
387 2386 580 2456 Germanico
613 2390 845 2472 posterioribus
875 2391 967 2460 annis
1001 2390 1136 2454 limitem
1170 2389 1345 2470 superioris

187 2490 378 2574 provinciae
407 2491 453 2556 ita
481 2496 588 2556 actum
618 2497 715 2574 atquo
737 2491 902 2574 praesidia
924 2492 970 2558 ita
991 2494 1139 2574 promota
1162 2508 1232 2556 erse
1255 2497 1344 2574 puto,

187 2599 224 2658 ut
245 2598 355 2658 nostra
377 2597 483 2660 aetate
507 2613 549 2658 ex
570 2593 716 2674 reliquiis
739 2591 833 2658 huius
861 2593 917 2676 qui
944 2599 1078 2660 vocatur
1106 2592 1255 2658 limitis
1278 2611 1345 2658 cer·

186 2695 311 2762 tissime
344 2694 496 2778 cognosci
527 2700 642 2777 potest.
694 2693 800 2776 Atque
833 2701 868 2760 ut
900 2699 984 2760 terra
1017 2694 1100 2762 inter
1131 2692 1280 2760 Rhenum
1314 2701 1347 2762 et

190 2795 343 2862 Moenum
370 2795 433 2862 sita
454 2800 522 2862 tuto
545 2800 763 2878 occuparetur,
793 2801 859 2860 tum
889 2797 985 2864 etiam
1014 2795 1138 2858 Taunus
1159 2815 1250 2864 mons
1273 2817 1346 2864 con·

186 2899 342 2980 tinuaque
357 2897 459 2980 regio,
483 2916 567 2979 quae
588 2897 772 2982 appellatur
793 2893 954 2960 Wettcrou
978 2899 1076 2977 (circa
1089 2897 1206 2965 fluvios
1228 2894 1348 2962 Wctter

187 3006 220 3064 et
242 2996 354 3060 Niddo
375 3001 568 3081 patescens),
596 2999 720 3065 inclusa
742 3004 824 3064 sunt.
868 3001 981 3083 Itaque
1005 3020 1076 3066 cum
1100 2999 1195 3066 huius
1218 3020 1346 3083 quoque

186 3100 327 3183 legionis
359 3099 500 3182 vestigia
533 3099 620 3166 haud
652 3120 726 3166 rara
758 3101 963 3167 inveniantur
989 3102 1023 3166 in
1051 3102 1116 3168 illis
1149 3103 1229 3168 locis
1258 3109 1346 3169 trans

185 3201 334 3267 Rhenum
363 3202 450 3283 sitis,
481 3201 679 3284 intellegitur
706 3202 868 3285 legionem
896 3203 922 3268 I.
945 3203 1143 3270 Adiutricem
1172 3223 1274 3286 usqne
1302 3205 1345 3270 ad

185 3304 308 3369 bellum
330 3303 464 3368 Traiani
487 3302 643 3370 Dacicum
665 3304 698 3368 in
720 3303 896 3370 Germania
918 3305 990 3387 ipsa
1013 3324 1083 3371 esse
1105 3311 1270 3371 moratam.

356 3541 385 3604 2.
423 3539 480 3605 De
502 3541 659 3606 castris
681 3541 866 3624 legionis
888 3541 913 3606 I.
935 3541 1178 3607 Adiutricis.

275 3706 479 3791 Quamquam
502 3709 588 3792 legio
611 3716 743 3794 propter
765 3711 959 3778 seditionem
980 3711 1197 3777 Antonianum
1226 3732 1268 3779 ex
1290 3713 1346 3780 Hi·

186 3813 304 3894 spania
325 3810 467 3877 adducta
488 3816 567 3894 crat,
596 3817 705 3878 tamen
734 3813 821 3879 bello
842 3813 981 3879 feliciter
1001 3819 1128 3896 patrato
1150 3833 1214 3880 non
1237 3835 1276 3882 oo
1299 3836 1347 3882 rc·

186 3913 295 3995 vertit,
330 3912 389 3979 sed
421 3913 464 3978 ab
497 3913 554 3978 illo
587 3918 733 3996 tempore
766 3915 923 3980 exercitui
951 3914 1145 3982 Germaniae
1172 3918 1348 4000 superioris

186 4014 342 4080 atbibuta
364 4019 422 4081 est.
454 4012 577 4092 Quibus
601 4015 714 4082 castris
738 4015 891 4099 deinceps
907 4017 1060 4100 imposita
1082 4017 1132 4100 sit,
1155 4017 1250 4084 facile
1273 4039 1347 4103 cog·

189 4117 344 4183 noscitur.
389 4115 550 4200 Legiones
573 4120 658 4183 enim
680 4117 768 4184 XIV.
783 4116 922 4184 Gemina
944 4125 976 4186 et
997 4119 1087 4186 XXI.
1110 4119 1236 4202 Rapax,
1259 4140 1348 4205 quas,
