3170 4984
158 385 232 453 Quae
250 384 319 440 ratio
336 384 489 441 intercedat
505 383 577 438 iuter
588 383 741 440 Vitruvium
759 389 786 439 et
798 384 967 438 Athenaeum
985 382 1180 440 mechanicum.
1219 381 1281 442 283

124 559 285 624 Maximae
297 551 522 626 similitudines
534 556 617 622 inter
624 556 806 624 Vitruvium
823 556 1064 623 etAthenaeum
1080 555 1282 623 intercedunt

125 663 157 726 iu
172 660 229 745 eis,
245 679 328 744 quae
343 660 431 743 apud
447 661 537 726 illum
553 659 691 741 legimus
706 679 738 742 p.
751 662 824 742 212,
843 659 1000 743 18-279,
1018 661 1069 742 22,
1091 658 1181 742 apud
1196 657 1280 726 hunc

125 783 156 845 p.
172 766 201 844 9,
218 764 334 845 4-26,
351 765 401 826 25.
447 762 565 830 Postea
587 761 754 828 Vitruvius
782 762 847 827 iam
870 761 948 828 satis
971 758 1013 826 de
1036 761 1281 845 oppugnatoriis

123 862 282 931 machinis
296 882 331 930 se
347 863 529 948 disputasse
544 863 632 948 dicit,
656 863 698 930 de
719 863 956 946 repugnatoriis
978 868 1087 928 autem
1109 870 1282 947 propterea

124 986 188 1032 nou
204 985 276 1032 esse
291 966 574 1051 praecipiendum,
598 967 675 1049 qnia
693 958 848 1032 ‘hostium
870 962 1124 1031 machinationes
1147 983 1189 1030 ex
1204 971 1282 1032 tem·

123 1086 202 1151 pore
217 1067 340 1134 sollerti
356 1069 562 1135 consiliorum
577 1068 743 1134 eeleritate
763 1067 832 1134 siue
854 1065 1013 1134 machinis
1036 1067 1166 1151 saepius
1190 1086 1280 1132 ever·

123 1160 242 1236 tantur'
274 1169 326 1247 (cl.
351 1171 449 1236 etiam
478 1191 510 1254 p.
535 1171 670 1251 284,18
696 1163 757 1236 ‘ita
790 1189 830 1236 ea
863 1168 1001 1235 victoria
1035 1168 1183 1235 civitates
1217 1188 1281 1234 non

125 1271 282 1340 machinis
312 1271 369 1338 sed
393 1277 504 1338 contra
526 1270 745 1338 machinarum
768 1273 926 1339 rationem
948 1268 1195 1338 architectomm
1218 1271 1279 1338 sol·

122 1373 217 1438 lertia
231 1377 305 1438 suut
319 1365 516 1449 liberatue').
554 1372 649 1452 Quod
671 1380 707 1440 ut
728 1373 935 1456 demonstret,
957 1373 1096 1457 primum
1119 1370 1280 1456 quomodo

122 1472 242 1541 Rhodii
263 1473 438 1560 helepolim
462 1475 619 1542 Demetrii
641 1475 879 1560 prohibuerint,
903 1481 1031 1542 enarrat
1052 1475 1283 1559 (11281111-

122 1577 260 1658 283,1);
289 1575 403 1644 Fuisse
424 1576 533 1644 Rhodi
560 1577 725 1660 publicum
748 1578 978 1661 architectum,
1006 1577 1201 1660 Diognetum
1224 1596 1280 1642 no·

122 1680 217 1761 mine,
241 1697 335 1760 quem
352 1677 442 1745 cives
457 1697 589 1744 munere
606 1678 812 1764 dimisissent,
836 1699 908 1747 cum
923 1681 1006 1746 alius
1023 1677 1154 1762 quidam
1177 1676 1280 1746 archi-

122 1787 235 1864 tectus,
259 1781 388 1846 nomine
404 1780 536 1864 Gallias,
551 1800 653 1864 parvo
670 1783 820 1864 exemplo
838 1787 1049 1848 monstrasset
1063 1799 1099 1847 se
1114 1778 1280 1846 carchesio

123 1880 299 1966 helepolim
329 1887 416 1948 trans
445 1902 569 1948 murum
597 1883 629 1948 iu
653 1883 810 1968 oppidum
832 1885 1004 1952 transferre
1027 1902 1132 1968 posse.
1178 1883 1281 1949 Paulo

122 1991 231 2050 autem
253 1989 336 2067 post,
360 2003 432 2050 cum
448 1985 632 2052 Demetrius
654 1986 817 2068 ingentem
840 1987 931 2052 illam
953 1984 1135 2052 machinam
1158 1985 1191 2050 iu
1213 2005 1279 2050 mu·

121 2107 191 2150 rum
204 2085 422 2169 produxisset,
439 2086 576 2153 Galliam
594 2088 698 2154 omnis
710 2089 837 2154 consilii
850 2106 885 2154 se
898 2088 1085 2171 praebuisse
1098 2093 1281 2171 expertem:

122 2209 208 2253 uam
248 2207 390 2270 saepe,
436 2208 539 2271 quae
577 2190 717 2273 parvis
762 2190 996 2256 rationibus
1040 2195 1281 2256 constructa

122 2289 505 2373 magnavideantur
528 2309 618 2358 esse
642 2292 845 2374 utilitate,
868 2292 1024 2376 magnis
1047 2291 1280 2357 rationibus

121 2391 357 2458 aedificata
378 2392 456 2458 iam
478 2391 584 2458 nihil
607 2393 793 2460 efficere.
828 2394 977 2477 Denique
999 2394 1108 2460 multis
1130 2393 1280 2476 precibus

123 2496 327 2562 obsecratum
350 2493 546 2576 Diognetum
569 2514 628 2561 sua
650 2495 795 2561 sollertia
816 2496 973 2560 auxilium
996 2495 1118 2560 tulisse.

208 2595 308 2662 Cuius
328 2594 515 2662 historiolae
538 2616 610 2664 cum
632 2596 721 2680 apud
735 2595 938 2663 Athenaeum
961 2597 1049 2662 nulla
1071 2595 1128 2662 fiat
1149 2595 1280 2674 mentio,

123 2699 186 2765 duo
213 2697 366 2764 videntur
394 2696 495 2779 digua
517 2717 601 2782 quae
623 2697 883 2766 considerentur:
911 2699 1050 2782 primum
1072 2718 1103 2782 p.
1120 2700 1172 2781 27,
1198 2699 1280 2762 1-6

123 2801 287 2884 descripta
310 2805 359 2866 est
381 2798 496 2866 eadem
519 2799 678 2884 helepolis
700 2801 868 2884 Demetrii,
891 2800 933 2867 de
955 2821 1020 2884 qua
1034 2801 1199 2867 Vitruvius
1223 2819 1280 2866 ex-

77 2908 79 2912 '
121 2903 224 2984 ponit.
269 2902 318 2968 Ac
348 2902 495 2984 quamvis
518 2901 617 2968 etiam
638 2901 726 2986 apud
748 2903 831 2970 alios
853 2921 960 2970 rerum
982 2903 1154 2985 scriptores
1177 2901 1218 2968 de
1241 2920 1281 2968 ea

122 3003 308 3086 audiamus,
337 3009 446 3070 tamen
468 3004 540 3086 quis
564 3023 635 3070 eam
658 3002 896 3087 aedificaverit,
926 3012 1055 3088 praeter
1076 3003 1279 3070 Athenaeum

124 3113 155 3170 et
177 3106 360 3172 Vitruvium
389 3125 484 3171 nemo
514 3105 690 3172 memoriae
716 3105 833 3189 prodit.
878 3106 985 3191 Atque
1008 3106 1106 3172 etiam
1129 3105 1171 3172 de
1193 3125 1279 3172 meu·

124 3207 205 3272 suris
229 3205 398 3274 machinae
421 3207 515 3273 ambo
538 3204 640 3274 ferme
663 3209 866 3276 conveniunt.
877 3207 897 3285 ¹)

211 3393 235 3454 1)
254 3388 473 3458 1191111269,
487 3393 517 3443 12
531 3384 642 3458 ‘quibus
661 3391 743 3446 rebus
756 3391 925 3446 Graecorum
943 3392 1087 3461 pensiones
1105 3391 1138 3446 ad
1156 3390 1279 3448 modulos

125 3474 245 3528 habeant
262 3474 395 3528 rationem
413 3478 462 3540 (sc.
481 3477 699 3544 praeceptores),
718 3475 753 3530 ad
770 3491 829 3530 eam
848 3481 879 3530 ut
896 3476 977 3531 etiarn
995 3477 1097 3532 uostris
1114 3476 1280 3547 ponderibus

126 3558 309 3628 respondeant
326 3559 431 3613 tradam
450 3552 606 3629 explicata'.

209 3660 237 3712 p.
253 3646 311 3711 219,
324 3647 354 3698 21
370 3661 403 3700 ex
414 3637 669 3700 verbia‘habentem
682 3643 790 3712 pondus
802 3645 933 3700 talentum
946 3649 1076 3714 quattuor
1087 3647 1188 3702 milium
1207 3647 1280 3716 quod

125 3730 155 3780 tlt
173 3716 483 3799 occcffix'ponuo’
496 3728 618 3796 sequitur
630 3727 748 3784 CCCLX
759 3729 850 3797 pondo
862 3734 899 3800 lp.
914 3735 972 3798 281,
986 3735 1010 3799 8)
1029 3731 1087 3786 fieri
1105 3733 1158 3787 tria
1176 3734 1279 3788 talanta

125 3813 235 3876 (Athen.
253 3831 281 3883 p.
302 3819 343 3880 21,
357 3818 392 3880 6).
429 3814 506 3883 Quod
524 3814 559 3868 ad
576 3813 772 3881 longitudinum
790 3830 932 3870 mensuras
950 3816 1064 3884 attinet,
1082 3813 1222 3871 Vitruvius
1241 3816 1278 3870 vi·

125 3899 203 3953 detur
220 3899 355 3955 Athenaei
372 3899 493 3955 cubitum
511 3899 670 3954 aestimasse
688 3899 746 3953 lere
764 3899 935 3969 sesquipede,
953 3901 1050 3970 pedem
1068 3917 1130 3956 vero
1150 3907 1279 3970 quattuor

125 3983 236 4052 palmia;
254 3999 317 4040 nam
336 4000 483 4054 componas

159 4069 293 4124 Athenaei
310 4087 338 4139 p.
352 4073 383 4124 21
772 4068 884 4124 Vitruvil
902 4088 928 4140 p.
942 4073 991 4124 211

193 4160 257 4219 aa]
277 4157 444 4226 1111111-
787 4156 976 4220 1111111111
1130 4161 1210 4222 [aas
