3134 4986
327 393 340 410 ·
467 382 646 451 Quaestioues
662 383 871 440 Posidoniauae.
1192 387 1257 446 353

95 554 165 621 Hoc
178 554 276 638 igitur
288 547 574 640 ‘Metarsiologioa’
592 557 675 622 inter
689 563 722 624 et
736 557 836 624 libros
848 549 911 624 ‘De
922 550 1086 628 meteoris'
1104 559 1257 628 intererat

95 656 180 738 quod
210 654 304 723 huius
332 657 408 722 libri
436 665 660 742 argumentum
686 659 783 724 latius
811 661 946 743 patebat
967 680 1064 744 quam
1086 663 1193 747 illius,
1220 669 1257 728 ut

95 758 179 840 quod
201 778 266 824 nou
287 759 391 825 solum
414 759 456 826 ad
479 759 659 826 doctrinam
681 760 724 827 de
745 761 843 828 rebus
864 762 1056 830 sublimibus
1078 764 1137 831 sed
1159 765 1257 831 etiam

93 859 135 924 ad
169 860 268 926 aliam
301 862 486 943 pertineret.
538 860 630 940 Quae
662 863 741 946 quin
772 864 870 929 fuerit
902 863 1050 931 doctrina
1083 865 1125 932 de
1157 867 1254 933 rebus

94 962 287 1028 caelestibus
309 983 368 1046 pro
389 983 425 1030 re
446 971 524 1029 nata
545 964 668 1046 ambigi
690 965 840 1048 nequit.¹)
874 963 940 1032 Sed
958 967 1086 1050 longius
1102 969 1256 1051 progredi

93 1064 209 1147 placet.
256 1064 330 1130 Nou
359 1066 445 1132 enim
473 1066 521 1131 ita
548 1065 646 1132 valde
674 1067 745 1132 veri
773 1067 878 1134 simile
907 1073 957 1134 est
977 1089 999 1134 a
1028 1067 1255 1154 Theophrasto

93 1166 228 1232 eandem
258 1187 326 1234 rem
355 1167 406 1234 bis
428 1173 596 1234 tractatam
619 1188 701 1235 esre.
746 1165 950 1252 Quapropter
970 1171 1161 1254 procliviter
1183 1173 1255 1254 quis

93 1269 265 1334 coniecerit
285 1270 431 1335 libellum
450 1261 760 1353 ‘Metarsiologicou'
786 1269 868 1336 nihil
890 1271 981 1337 aliud
1004 1291 1075 1339 esse
1096 1274 1160 1340 nisi
1183 1293 1255 1340 eam

55 1409 58 1416 ,
91 1376 215 1452 partem
244 1371 320 1438 libri
349 1365 414 1438 ‘De
442 1369 604 1438 meteoris'
637 1391 721 1454 quae
748 1373 782 1437 in
815 1373 1011 1456 explicanda
1038 1374 1186 1442 doctrina
1213 1376 1256 1441 de

92 1473 282 1539 sublimibus
305 1473 504 1539 versabatur.
542 1471 635 1550 Quae
654 1475 796 1558 suspicio
812 1474 1036 1542 difficultatem
1050 1478 1141 1542 illam
1157 1496 1255 1560 quam

92 1573 187 1640 modo
210 1575 355 1641 iudicavi
377 1576 462 1640 tollit
482 1594 544 1641 nec
566 1573 665 1642 habet
687 1575 775 1659 quod
798 1577 828 1642 ei
849 1584 1017 1660 repugnet
1058 1579 1143 1644 Nam
1167 1580 1254 1662 quod

90 1676 176 1759 apud
188 1677 353 1742 Laertium
367 1684 497 1761 praeter
507 1676 654 1743 libellum
668 1669 732 1744 ‘De
743 1678 906 1745 meteoris’
921 1675 1254 1748 seorsum‘Metaraio·

91 1771 209 1863 logica’
235 1778 369 1845 laudata
389 1779 601 1862 reperiuntur,
625 1778 707 1846 haee
727 1799 779 1846 res
796 1781 967 1850 offensioni
983 1802 1054 1850 esse
1069 1804 1134 1849 non
1147 1788 1256 1867 potest

92 1883 121 1946 ei
158 1883 215 1964 qui
254 1880 396 1946 indolem
431 1901 471 1947 au
506 1887 654 1946 naturam
688 1881 906 1966 Theophrasti
944 1885 1101 1952 librorum
1136 1885 1254 1952 indicis

92 1983 256 2050 Laertiaui
278 1985 491 2068 perspexerit

175 2085 296 2152 Verum
318 2091 398 2152 utut.
411 2085 494 2152 haec
515 2104 552 2152 se
573 2084 704 2168 habent,
729 2085 792 2152 hoo
809 2087 907 2170 plane
923 2094 1049 2155 constat
1063 2087 1253 2172 Theophra-

92 2195 173 2254 stum
206 2207 289 2254 vooe
322 2188 494 2255 metarsion
526 2188 678 2254 sublimia
711 2188 915 2274 designasse;
949 2198 1115 2257 meteorou
1144 2196 1253 2257 autem

92 2291 251 2357 vocabulo
274 2310 348 2357 eum
371 2289 524 2358 sublimia
541 2295 574 2355 et
588 2291 744 2355 caelestia
758 2293 964 2374 complexum
981 2312 1052 2360 esse
1067 2293 1137 2359 veri
1153 2293 1253 2359 simil·

91 2393 201 2458 limum
225 2399 286 2460 est.

176 2495 330 2560 Plurimis
363 2494 574 2576 scriptoribus
603 2491 884 2576 Theophrasteum
917 2502 1071 2562 novatum
1100 2498 1254 2565 adrisisse

92 2615 187 2680 supra
212 2597 460 2662 autumavimus.
505 2595 542 2659 In
566 2594 683 2676 quibus
704 2595 921 2663 numerandus
945 2604 994 2664 est
1016 2601 1253 2666 stramenticius

93 2697 238 2781 Ooellus‚
269 2699 324 2781 qui
354 2698 413 2764 sub
442 2717 582 2780 persona
609 2697 707 2780 prisci
735 2699 823 2764 illius
845 2697 1044 2782 Pythagorei
1074 2700 1253 2767 doctrinam

93 2801 343 2884 Peripateticum
361 2799 515 2864 venditat.
545 2799 629 2863 Nam
644 2800 789 2881 primarii
804 2801 988 2884 scriptionis
1000 2795 1071 2868 ‘De
1086 2795 1250 2870 universo'

91 2903 195 2970 fontes
224 2909 299 2969 sunt
327 2901 519 2968 Aristoteles
548 2907 580 2967 et
607 2899 831 2967 Aristoxenus.
876 2901 923 2968 Of.
954 2903 1069 2970 Rhode
1097 2905 1131 2970 in
1158 2898 1253 2973 ‘Mus

91 2999 198 3070 Rhen'
213 3003 341 3070 XXVII
353 3006 461 3079 (1872)
476 3023 508 3086 p.
522 3005 563 3066 52
579 3012 611 3069 et
622 3004 739 3070 Dielsii
752 2996 921 3087 ‘Doxogn'
940 3026 972 3088 p.
987 3008 1059 3070 187.
1081 3006 1144 3073 Hic
1156 3009 1254 3074 etiam

91 3111 230 3173 aetatem
253 3106 417 3190 personati
433 3105 538 3171 Ocelli
559 3106 678 3172 rectius
699 3112 798 3188 atque
819 3107 958 3172 antehac
973 3108 1094 3174 factum
1110 3115 1160 3175 est
1175 3108 1252 3175 defi·

91 3209 172 3273 nivit
199 3209 496 3290 demonstravitque
524 3228 596 3274 oum
618 3208 758 3290 plurima
779 3207 1066 3292 pseudepigrapha
1087 3210 1251 3294 Pythago-

92 3329 218 3375 reorum
232 3310 372 3392 Augusti
393 3311 549 3374 memoria
570 3311 716 3376 coniecta
738 3316 846 3375 esseut
861 3311 990 3394 scripta,
1013 3311 1160 3378 libellum
1180 3307 1252 3380 ‘De

92 3405 255 3478 universo’
280 3412 370 3493 prius
393 3418 496 3476 ortum
520 3432 591 3478 esse
614 3413 735 3495 quippe
758 3413 814 3494 qui
837 3413 903 3477 iam
925 3435 946 3478 a
963 3413 1111 3488 ,Varrone
1134 3435 1252 3481 memo-

91 3518 177 3580 ratus
206 3515 249 3579 sit
276 3514 329 3590 (cf.
360 3513 519 3579 Dielsium
541 3514 562 3578 l.
582 3514 603 3577 l.
633 3533 663 3596 p.
691 3516 776 3590 188).
820 3514 950 3580 Certum
979 3517 1151 3581 terminum
1180 3525 1254 3595 post

92 3633 185 3695 quem
212 3615 363 3680 falsarius
385 3615 612 3699 scripserit-
635 3614 872 3682 adcuratiorem
894 3617 1036 3683 scilicet:
1065 3638 1141 3682 uam
1164 3621 1254 3702 quod

92 3723 165 3796 post
184 3717 413 3782 Aristoxenum
442 3717 503 3780 fuit
532 3715 608 3782 hino
635 3738 700 3782 non
728 3719 863 3782 multum
891 3719 1118 3784 lucramur-
1143 3721 1252 3788 adhuc

92 3819 210 3883 nemini
233 3820 367 3902 contigit
388 3819 595 3901 investigare.
632 3819 781 3902 Namque
805 3820 846 3885 de
869 3820 1055 3886 Andronico
1078 3823 1129 3898 (cf.
1146 3823 1252 3890 Diels.

92 3920 112 3982 l.
128 3920 161 3996 l.)
190 3939 245 3986 res
269 3929 319 3986 est
340 3940 495 4004 perquam
518 3921 626 3986 dubia.
670 3920 789 3986 Verum
813 3923 878 3986 iam
900 3923 1008 3988 locum
1031 3923 1123 3988 illum
1145 3927 1251 3992 consi·

99 4020 294 4031 v———n—

179 4058 203 4118 l)
222 4053 358 4106 Caelestia
381 4069 398 4106 a
416 4053 609 4122 Theophrasto
632 4068 688 4107 non
712 4053 846 4122 μετέωρα
864 4055 1035 4119 vocitantur,
1059 4056 1109 4110 sed
1127 4049 1249 4129 οὐράνια

93 4135 133 4190 Gi.
150 4136 229 4205 lrgm.
246 4137 300 4191 XII
313 4141 345 4191 28
362 4155 391 4207 p.
407 4143 455 4193 159
465 4139 509 4192 W.
528 4141 557 4192 et
573 4137 609 4193 ib.
623 4141 657 4190 34
674 4153 701 4206 p.
718 4137 815 4192 lle.
