3170 4984
159 410 232 478 Quae
249 411 319 466 ratio
335 411 486 466 intercedat
503 413 574 468 lnter
586 411 739 470 Vitruvium
756 421 784 470 et
796 414 966 471 Athenaeum
984 416 1180 473 mechanicum.
1218 416 1280 475 279

210 582 276 649 Sed
287 585 493 667 anquiramus
504 605 598 670 nunc,
611 585 698 669 quod
709 587 909 671 propositum
922 593 979 671 est,
992 593 1084 655 utru
1094 609 1125 653 m
1141 587 1187 654 Vi
1197 595 1281 655 tru-

124 687 216 752 vius
238 706 309 752 sua
331 704 379 751 ex
402 686 616 753 Athenaeo
640 689 955 773 repetiveritan
986 691 1152 773 utrique
1174 688 1279 757 idem

122 788 212 854 fons
228 787 370 854 subsit.
394 787 554 854 Athenaei
564 789 638 854 libri
650 790 808 873 imprimis
824 790 887 856 hue
897 791 1037 873 pertinet
1050 811 1089 858 ea
1100 811 1185 876 pars,
1196 811 1278 875 quae

123 890 155 954 in
178 888 320 955 editione
332 889 562 956 Weseheriana
578 897 684 958 exstat
699 911 730 975 p.
754 895 784 974 9,
802 895 917 976 4-31,
937 895 984 958 10.
1025 893 1131 976 Atque
1153 893 1186 958 in
1209 895 1278 959 uni·

123 1010 251 1056 versum
264 991 291 1057 si
304 993 576 1075 comparationem
584 993 863 1060 alteriusauctoris
876 1014 948 1060 cum
959 995 1061 1061 altero
1073 995 1278 1077 instituimus,

122 1098 242 1158 tantam
259 1112 330 1159 ease
346 1092 494 1160 videmus
510 1114 573 1160 non
589 1096 691 1162 solum
707 1113 824 1177 rerum,
840 1094 898 1161 sed
911 1097 1008 1162 etiam
1021 1096 1192 1162 verborum
1204 1117 1277 1163 eon·

121 1196 312 1279 gruentiam,
328 1202 371 1277 ut,
389 1195 476 1278 quod
491 1203 713 1278 argumentum
730 1217 772 1263 ex
787 1196 927 1264 dictione
940 1199 1093 1280 repetivit
1104 1199 1277 1282 Dielesius,

121 1295 161 1364 de
175 1298 223 1363 cis
235 1296 376 1381 quidem,
390 1317 474 1380 quae
489 1297 623 1365 exhibet
634 1307 779 1382 uterque,
791 1300 895 1365 minus
906 1301 1015 1366 valere
1024 1298 1187 1366 videatur:
1203 1320 1278 1365 nam

120 1401 179 1466 etsi
192 1399 275 1465 inter
287 1399 468 1465 Vitruvium
481 1407 512 1466 et
527 1399 730 1466 Athenaeum
744 1421 945 1468 communem
959 1403 1193 1486 interponimus
1208 1391 1276 1468 ion·

120 1507 194 1582 tem,
206 1503 425 1568 necessarium
436 1509 543 1568 tamen
556 1509 738 1569 estsnmere
750 1510 815 1568 tam
828 1509 896 1568 arte
908 1503 950 1568 ad
960 1503 1051 1569 illum
1063 1512 1232 1588 utrumque
1241 1524 1276 1571 se

117 1605 347 1688 applicavisse,
370 1611 466 1670 utne
490 1603 589 1671 dictio
613 1604 743 1688 quidem
763 1603 924 1670 Athenaei
947 1605 989 1671 sit
1011 1607 1194 1688 peculiaris,
1218 1606 1276 1673 sed
1302 1655 1304 1660 -

118 1707 259 1772 auctoris
291 1707 445 1789 alicuius,
479 1708 535 1792 qui
563 1705 626 1772 fuit
654 1713 729 1772 ante
758 1707 949 1774 Vitruvium.
1001 1707 1169 1774 Accedunt
1198 1728 1276 1774 vero

120 1807 282 1891 quaedam
301 1808 398 1886 (infra
412 1809 593 1876 accuratius
609 1808 805 1892 explicanda
819 1829 851 1892 p.
868 1813 930 1874 295
946 1813 1039 1893 sqq.)‚
1063 1829 1146 1893 quae
1162 1829 1220 1893 per
1241 1829 1276 1876 se

118 1908 323 1975 considerata
352 1911 449 1976 etiam
478 1911 605 1976 obstare
628 1910 794 1993 videntur,
824 1931 887 1994 quo
917 1913 1021 1978 minus
1044 1931 1199 1994 negemus
1222 1911 1275 2000 yi-

116 2012 257 2076 truvium
273 2031 314 2077 ex
329 2010 498 2078 Athenaeo
522 2011 679 2079 hausisse.
717 2011 841 2090 Quibus
864 2014 934 2097 ipse
957 2016 1021 2078 iam
1045 2033 1133 2079 eram
1155 2013 1275 2080 adduo-

116 2118 181 2195 tus,
206 2120 243 2180 ut
265 2113 308 2178 ad
330 2114 472 2197 priorum
494 2115 684 2180 sententiam
706 2121 898 2196 reverterer,
923 2135 1117 2199 quamquam
1141 2122 1173 2182 et
1195 2117 1275 2182 inte-

115 2216 224 2297 griore
254 2235 349 2298 qnam
381 2217 436 2299 qui
459 2236 543 2281 nuno
568 2216 686 2299 legitur
708 2226 861 2284 contextu
884 2217 1065 2282 Vitruvium
1087 2239 1180 2284 usum
1205 2237 1276 2284 esse

116 2318 291 2384 censebam
306 2337 411 2401 neque
434 2319 504 2384 veri
527 2319 753 2384 existimabam
776 2320 882 2385 simile
905 2319 1102 2404 Marcellum,
1127 2322 1178 2387 eui
1193 2321 1275 2386 liber

114 2419 278 2486 Athenaei
294 2427 343 2486 est
359 2419 537 2503 dedicatus,
562 2426 815 2502 expugnatorem
832 2422 922 2486 illum
938 2420 1170 2504 Syracusarum
1194 2441 1274 2501 esse,

114 2523 172 2589 sed
194 2522 386 2590 recentioris
409 2523 551 2605 aliquem
573 2522 698 2588 aetatis.
743 2521 809 2588 Sed
832 2528 950 2606 tamen,
974 2523 1007 2588 id
1032 2523 1118 2606 quod
1141 2522 1273 2590 Wachs-

115 2625 260 2692 muthius
288 2623 367 2690 mihi
396 2626 573 2708 persuasit,
601 2625 774 2691 nonnullae
804 2625 836 2690 in
869 2626 1021 2692 maximis
1050 2623 1209 2690 Athenaei
1244 2631 1276 2691 et

112 2727 257 2794 Vitruvii
295 2728 512 2809 congruentiis
550 2747 682 2810 sparsae
719 2727 955 2810 discrepantiae
993 2726 1078 2792 unde
1117 2727 1273 2810 originem

115 2828 285 2896 duxissent
307 2848 371 2894 non
393 2829 650 2912 intellegeretur,
681 2823 709 2892 si
732 2826 897 2894 Vitruvius
920 2826 1123 2894 Athenaeum
1145 2836 1273 2896 secutus

115 2938 216 3014 essct;
241 2929 375 2996 exhibet
396 2931 481 2997 enim
497 2951 561 2997 non
576 2932 679 2998 solum
696 2928 881 2997 Athenaeus
897 2929 1058 3014 quaedam
1081 2950 1163 3013 quae
1187 2930 1274 3013 apud

115 3032 298 3099 Vitruvium
321 3053 385 3099 non
413 3034 567 3116 legimus,
595 3032 664 3099 sed
696 3032 818 3098 etiam
847 3032 955 3116 apud
982 3030 1086 3098 hunc
1109 3037 1274 3096 exstant

115 3154 215 3216 quae
239 3132 523 3202 desideramus
545 3132 654 3218 apud
675 3132 937 3200 Athenaeum.
961 3131 1272 3216 AcquodadAthe·

114 3237 190 3302 naci
204 3255 307 3319 genus
323 3236 454 3304 dioendi
469 3238 592 3320 attinet,
616 3237 679 3301 iam
695 3253 884 3318 persuasum
907 3235 987 3300 mihi
1011 3243 1060 3300 est
1083 3235 1272 3318 Dielesium,

116 3358 187 3404 cum
204 3339 286 3404 illud
301 3338 344 3405 ad
360 3338 575 3422 sophistarum
591 3338 803 3404 recentiorum
820 3345 960 3404 aemtem
976 3337 1178 3404 referendam
1201 3356 1273 3402 esse

115 3448 272 3523 censeret,
288 3448 430 3507 nontam
446 3447 611 3523 spectasse
626 3439 669 3506 ad
686 3459 758 3506 eam
773 3441 876 3506 libelli
892 3446 1027 3524 partem,
1044 3457 1127 3522 quae
1139 3437 1272 3504 aVitru·

115 3544 169 3608 vio
182 3544 216 3608 in
228 3543 377 3609 Latinum
390 3561 569 3609 sermonem
583 3560 678 3608 versa
690 3549 747 3626 est,
761 3562 857 3624 quam
869 3541 913 3608 ad
925 3542 1007 3625 elia,
1019 3562 1093 3607 nam
1106 3539 1272 3624 haudqua·
1322 3609 1333 3638 0

115 3663 212 3727 quam
228 3645 298 3711 inre
315 3644 491 3712 contendas
505 3663 566 3728 per
580 3649 681 3709 totum
696 3643 814 3709 librum
836 3663 940 3726 aeque
962 3662 1121 3727 apparere
1143 3641 1273 3708 infimae
1383 3641 1386 3646 ’

115 3747 233 3812 aetatis
249 3747 397 3830 vestigia.
429 3743 519 3824 Quae
535 3747 677 3810 maxime
693 3751 862 3813 occurrunt
877 3746 910 3810 in
927 3745 974 3810 eis
990 3764 1074 3828 quae
1097 3765 1126 3828 p.
1142 3747 1236 3828 3-9,
1253 3747 1272 3810 3

116 3855 147 3913 et
175 3850 491 3931 p.,3r,11-40,2
527 3853 670 3914 exstant:
710 3847 801 3930 legas
835 3845 997 3912 Athenaei
1037 3846 1271 3930 praelationem

114 3951 157 4031 (p.
172 3953 269 4026 3⁴-ll
286 3956 319 4016 et
334 3951 498 4035 epilogum
516 3951 558 4033 (p.
577 3949 700 4030 39,¹4o):
724 3955 791 4016 tota
807 3947 907 4015 dictio
925 3983 964 3992 -
980 3947 1157 4014 afferuntur
1179 3967 1272 4033 prae·

115 4059 320 4070 ——.—-.

114 4102 161 4164 (sc.
181 4099 234 4154 den
252 4099 407 4166 Frnheren,
431 4099 489 4155 hes.
509 4099 607 4154 Diades
633 4099 688 4154 und
710 4097 803 4166 Ager.)
828 4097 888 4152 sind
915 4097 958 4152 die
982 4097 1092 4168 Kapltel
1119 4101 1214 4152 ter-21
1236 4098 1272 4152 im

117 4189 157 4236 to.
171 4183 239 4239 Beh.
260 4184 307 4239 des
326 4184 465 4240 Vitruvius
483 4175 621 4239 entlehnt’.
