3282 4968
435 371 476 426 De
493 371 598 440 legione
615 370 802 426 Romanorum
819 369 842 425 1.
860 341 1008 426 Adiutricis.
1259 375 1300 434 89

150 546 308 613 evincitur
331 564 372 612 ex
394 545 487 612 titulo
503 545 673 611 Tiburtino
696 542 731 610 (l.
748 542 906 612 Caesonio
929 542 1038 610 Macro
1053 542 1223 614 Rufiniono
1245 547 1301 615 de·

150 649 256 716 dicato
281 649 322 725 (n.
336 649 399 722 23.)
414 648 451 730 ¹),
481 647 537 730 qni
564 646 708 714 tribunus
737 646 875 729 legionis
903 645 929 712 Ι.
951 645 1128 714 Adiutricis
1151 669 1171 714 a
1192 649 1302 718 Marco

151 749 242 817 donis
265 748 456 816 militaribus
479 747 615 822 donatus
638 755 695 815 est.

233 852 335 919 Porro
357 851 475 918 iisdem
491 851 688 934 temporibus
711 851 769 916 alii
784 847 986 934 expeditioni
1002 850 1088 934 legio
1103 850 1128 916 l.
1151 850 1304 920 Adiutrix

149 955 332 1022 interfuisse
355 953 475 1020 diserte
497 959 700 1020 memorator.
741 952 834 1018 Bello
858 952 943 1018 enim
965 952 1223 1020 Marcomannico
1246 953 1302 1022 de·

150 1078 211 1125 nuo
235 1055 449 1139 inflammato,
479 1075 599 1123 nevum
621 1074 782 1121 annexum
805 1060 869 1138 est,
899 1073 970 1121 cum
994 1053 1163 1138 Germani,
1194 1054 1303 1124 chatti

148 1159 314 1243 nimirum,
343 1159 491 1225 Raetiam
518 1163 551 1224 et
577 1158 732 1225 Noricum
761 1157 952 1224 invaderent
979 1163 1076 1241 atque
1105 1162 1206 1224 totam
1228 1178 1301 1243 pro·

148 1261 290 1328 vinciam
324 1260 596 1344 depopularentur
630 1265 662 1325 et
691 1264 864 1326 vastarent.
910 1257 997 1337 Quos
1025 1265 1061 1326 ut
1088 1262 1303 1345 propulsaret,

148 1363 361 1447 Pertinacem,
377 1363 432 1446 qui
448 1368 562 1446 postea
576 1363 726 1446 princeps
741 1361 873 1444 exstitit,
889 1381 909 1426 a
924 1361 1033 1428 Marco
1049 1381 1121 1428 cum
1135 1363 1264 1445 legione
1276 1364 1302 1429 Ι.

147 1463 314 1531 Adiutrice
337 1465 370 1530 in
401 1483 456 1531 eas
483 1464 633 1547 regiones
660 1465 794 1532 missum
823 1483 896 1530 esse
925 1469 1080 1530 testantur
1103 1462 1303 1547 Capitolinus

146 1586 175 1631 v.
201 1569 286 1636 Pert.
310 1587 337 1633 o.
354 1570 424 1650 2,6
456 1559 680 1643 (Pertinacem
708 1566 831 1649 primae
860 1566 982 1650 legioni
1010 1564 1172 1648 regendae
1201 1566 1302 1649 impo-

138 1669 226 1742 suit:
250 1669 422 1752 statimque
444 1667 599 1735 Rboetias
622 1675 654 1734 et
675 1668 829 1734 Noricum
852 1669 894 1735 ab
917 1667 1063 1736 hostibus
1093 1659 1302 1746 vindicavit’)

147 1776 178 1836 et
199 1769 331 1837 Cassius
354 1771 418 1838 Dio
440 1771 549 1836 LXXI
571 1772 590 1834 3
620 1772 685 1848 (οἷς
709 1775 727 1833 ὁ
749 1766 893 1857 Μάρκος
923 1775 1093 1836 evasuros
1115 1775 1302 1858 Πομπηια-

148 1877 203 1936 νόν
228 1896 265 1936 τε
286 1877 343 1937 καὶ
364 1877 556 1960 Περτίνακα
580 1877 658 1950 τοὺς
680 1877 1231 1962 ὑποστρατήγους,ἀντιθακίσιη).

234 1975 306 2042 Huc
328 1975 465 2042 fortasse
489 1976 586 2042 ctiam
609 1976 720 2042 titulus
742 1997 772 2042 n.
798 1980 868 2042 177.
891 1977 1065 2060 Aquileiae
1086 1985 1233 2060 repertus
1255 1997 1302 2044 re·

149 2077 300 2145 ferendus
324 2083 387 2144 est:
409 2078 630 2144 VEXILLAP
645 2075 1192 2165 Lus-1·ET·11·AD1[ut]R10.
1222 2079 1303 2147 (lon-

150 2186 211 2246 stat
235 2181 321 2246 euim
344 2180 486 2246 Marcum
502 2180 688 2263 Aquileiam
710 2178 817 2246 denuo
839 2180 1106 2264 permuniendam
1129 2183 1304 2265 curavisse,

151 2282 183 2347 id
206 2281 295 2366 quod
317 2282 406 2347 nullo
428 2282 493 2348 alio
516 2281 612 2348 modo
635 2282 760 2366 percipi
789 2289 910 2365 potest,
939 2283 1003 2353 nisi
1031 2283 1250 2350 Marcomanni
1272 2289 1306 2350 et

152 2381 260 2462 Quadi
283 2390 349 2450 tum
371 2403 473 2466 usqne
495 2382 538 2449 ad
561 2382 645 2450 banc
667 2383 779 2449 urbem
800 2385 965 2468 progressi
987 2389 1061 2450 sunt
1083 2403 1220 2469 eamque
1241 2385 1304 2452 for-

152 2491 237 2552 tasse
260 2484 448 2552 obsiderunt
469 2491 567 2569 atque
590 2487 894 2570 expugnaverunt.²)
933 2485 1040 2564 Quare
1055 2487 1112 2552 vix
1136 2493 1185 2553 cst
1206 2486 1304 2555 auda·

153 2589 219 2655 cius
252 2588 415 2670 conicere,
450 2588 515 2653 iam
548 2587 640 2654 initio
674 2588 754 2654 belli
782 2589 1033 2656 Marcomannici
1062 2587 1305 2658 vexillationem

151 2690 288 2773 legionis
302 2689 328 2755 Ι.
349 2689 526 2758 Adiutricis
541 2710 607 2756 una
629 2711 701 2756 cum
723 2691 846 2760 vexillo
869 2692 910 2759 ΙΙ.
933 2691 1110 2758 Adiutricis
1133 2693 1306 2758 excitatam

152 2811 221 2859 esse
234 2794 276 2875 ³),
299 2797 335 2857 ut
356 2791 482 2875 hostes,
506 2793 561 2875 qui
584 2793 647 2859 fusi
670 2813 729 2876 per
750 2813 845 2876 agros
868 2799 901 2860 et
923 2793 1061 2877 dispersi
1083 2801 1239 2877 vagantes
1262 2796 1305 2860 ci·

154 2894 249 2960 vibus
272 2894 417 2978 pericula
439 2893 658 2978 intendebant,
688 2895 873 2962 occiderent
895 2901 928 2962 et
949 2896 1051 2979 copiis
1074 2895 1306 2964 Germanorum
1335 2887 1338 2894 ’

153 2996 293 3062 contusis
316 3015 424 3062 muros
439 2998 611 3080 Aquileiae
633 2997 739 3063 denuo
756 3003 957 3064 excucerant
970 3005 1067 3082 atque
1083 3000 1252 3066 munirent.
1264 3033 1306 3044 -

235 3096 292 3163 ΙΙΙ.
325 3098 370 3165 Ut
390 3119 475 3165 anno
498 3102 566 3181 69„
595 3099 643 3166 sic
670 3119 755 3166 anno
786 3119 913 3184 quoque
938 3103 1008 3167 193.
1031 3101 1238 3167 Pannonicae
1259 3101 1305 3167 le·

151 3200 264 3282 giones
286 3207 447 3284 -atque
474 3201 508 3265 in
537 3221 646 3267 earum
675 3221 808 3268 numero
836 3208 905 3268 erat
933 3201 1019 3286 legio
1041 3205 1067 3269 Ι.
1089 3202 1243 3269 Adiutrix
1267 3237 1304 3248 —

151 3303 182 3368 in
208 3303 339 3368 italiam
363 3303 501 3388 profecti
526 3309 615 3380 sunt,
643 3310 678 3370 ut
706 3304 849 3386 legatum
878 3324 985 3387 snum,
1010 3324 1104 3388 quem
1134 3307 1306 3389 imperato·

152 3425 218 3472 rem
249 3407 530 3472 consalutaverant
539 3408 581 3490 ⁴),
608 3406 645 3472 L.
668 3405 861 3492 Septimium
888 3406 1059 3490 Severum,
1087 3407 1223 3474 Romam
1249 3407 1307 3474 du·

238 3628 262 3691 1)
281 3623 317 3678 ci.
330 3624 476 3678 Liebcnam
492 3625 511 3680 l.
523 3625 542 3682 l.
555 3642 581 3694 p.
596 3629 638 3680 63.

240 3712 266 3776 2)
284 3709 419 3765 Ammian.
432 3710 520 3767 Marc.
532 3709 625 3764 XXIX
637 3713 662 3778 6,
677 3715 701 3766 1.
713 3740 746 3750 -
761 3708 796 3766 cf.
810 3709 890 3776 dung,
900 3702 957 3764 ‘die
969 3709 1159 3765 romanischen
1171 3709 1307 3768 Landsch.

157 3793 203 3850 des
220 3794 348 3850 rdmisclr.
361 3788 496 3851 Reichee.'
513 3811 541 3865 p.
555 3801 614 3850 501.
633 3825 667 3834 -—
684 3795 835 3850 Mommsen
853 3794 921 3850 CIL.
935 3794 984 3848 Ill.
1003 3811 1028 3864 p.
1043 3799 1084 3850 83.

239 3884 265 3948 3)
283 3879 413 3936 Fortasse
436 3881 517 3936 etiam
539 3881 567 3935 in
585 3880 710 3936 Raetiam
733 3885 850 3948 utraque
871 3879 940 3947 legio
960 3879 1086 3934 Adiutrix
1103 3880 1186 3935 missa
1203 3887 1255 3952 est,
1277 3887 1309 3936 ut

153 3965 256 4034 pariter
274 3971 356 4034 atque
373 3965 505 4021 Pertinax
522 3967 625 4034 primae
643 3965 832 4034 Pompeianos,
851 3979 930 4034 qoem
948 3964 1001 4020 Dio
1018 3980 1073 4020 una
1091 3980 1152 4020 cunr
1164 3965 1307 4021 Pertinace

155 4054 295 4117 memorat,
313 4051 449 4106 secundae
465 4050 598 4106 Adiutrici
614 4050 787 4120 praepositus
804 4049 895 4105 inerit.

241 4142 268 4204 4)
280 4138 313 4191 ln
322 4135 402 4192 fidem
412 4139 440 4193 ct
448 4137 575 4192 virtutem
584 4135 719 4204 legionum
729 4149 839 4190 suarum
849 4134 996 4206 Septimius
1005 4133 1118 4190 Severus
1128 4134 1307 4205 priucipatum
