3198 4974
312 366 375 426 184
788 368 852 424 Otto
870 368 998 424 Boclrsch

313 541 455 608 Antiatis
469 541 610 626 vestigia
625 547 804 607 comuntur.
842 540 928 607 Nam
950 560 1023 608 cum
1046 541 1234 625 ceteroquin
1257 541 1371 609 eadem
1393 543 1478 609 rete·

312 648 433 726 rantnr,
457 662 540 727 qnae
558 664 578 709 a
593 641 753 736 Dionysio
769 643 842 708 Hal.
859 642 887 707 V
903 645 954 726 35,
971 644 1001 724 3,
1023 642 1216 710 Plutarchus
1238 662 1285 710 ea
1305 644 1346 709 in
1368 663 1410 710 re
1432 644 1476 711 ab

314 741 378 811 boe
392 743 550 829 dissentit,
573 744 661 828 quod
678 745 849 810 Horatium
871 763 936 811 nou
958 763 1017 812 sua
1038 750 1163 829 sponte,
1186 745 1246 812 sed
1267 746 1475 814 incitantibus

313 844 502 913 Publicolae
541 847 681 913 inimicis
722 845 877 912 honorem
909 846 1023 930 templi
1056 844 1231 914 dedicandi
1262 848 1475 931 appetivisse,

312 947 498 1014 auctoribus
532 948 657 1015 eisdem
687 947 926 1016 dedicationem
955 949 1132 1033 arripuisse
1159 948 1255 1015 dicit:
1290 948 1384 1017 rides
1411 951 1479 1016 An-

313 1049 426 1115 tiatem
459 1050 588 1134 gentilis
622 1050 673 1116 sni
704 1048 905 1116 laudatorem
940 1050 992 1130 (cl.
1022 1052 1103 1136 203,
1130 1051 1187 1116 28:
1217 1041 1407 1136 Ἔφθίνουν
1441 1050 1479 1116 δὲ

313 1148 437 1216 πολλοὶ
465 1152 533 1216 τῶν
562 1149 712 1216 δυνατῶν
733 1151 802 1215 κτλ.
826 1159 859 1218 et
881 1155 953 1236 204,
977 1155 1013 1217 2:
1041 1149 1278 1239 ψηφισάμενοι
1300 1150 1360 1219 τὸν
1379 1147 1480 1238 Ὡρά-

312 1275 386 1317 τιον
407 1254 611 1336 καθιεροῦν).
1107 1311 1109 1316 .

400 1352 504 1433 Quam
526 1355 744 1422 narrationem
766 1375 839 1422 cum
859 1357 1061 1438 Dionysiana
1082 1353 1150 1422 fere
1173 1357 1428 1422 consentientem
1452 1358 1481 1422 si
1573 1429 1574 1436 χ

314 1458 417 1523 solam
439 1457 554 1524 Antias
583 1457 616 1522 in
642 1457 785 1524 fontibus
807 1458 874 1524 suis
896 1457 1087 1540 invenisset,
1117 1464 1153 1523 nt
1175 1458 1352 1542 Dionysius
1375 1460 1481 1525 solam
1573 1451 1574 1458 '

313 1559 446 1641 rettulit,
463 1558 626 1641 quomodo
641 1558 712 1626 fieri
727 1561 872 1644 potuisse
888 1558 1010 1640 credes,
1026 1565 1062 1624 ut
1075 1559 1174 1625 talem
1195 1559 1340 1626 fabulam
1363 1559 1405 1626 de
1420 1580 1481 1626 suo
1573 1603 1574 1632 i

315 1660 512 1743 adnecteret,
536 1661 665 1744 qualem
681 1663 785 1728 altera
800 1661 833 1726 in
851 1667 944 1745 parte
960 1661 1075 1745 capitis
1094 1665 1133 1725 14
1145 1654 1357 1728 ‘Publicolae'
1374 1659 1482 1744 legis?
1573 1653 1574 1728 Ϊ

312 1762 472 1828 Audimus
495 1764 581 1828 enim
603 1764 645 1828 M.
662 1763 838 1845 Valerium,
861 1769 896 1828 ut
918 1762 1009 1828 fratri
1028 1762 1219 1829 Publicolae
1242 1762 1399 1829 honorem
1420 1781 1482 1828 sua
1573 1801 1574 1854 p

314 1863 446 1946 quidem
476 1865 636 1931 sententia
663 1866 773 1948 inique
803 1871 949 1948 ereptum
978 1884 1108 1948 quoquo
1137 1863 1234 1932 modo
1262 1869 1481 1948 recuperaret,

314 1965 356 2030 M.
385 1965 521 2032 Horatio
554 1966 619 2030 iam
652 1967 758 2050 ipsam
791 1968 1011 2052 precationem
1041 1967 1232 2035 sollemnem
1258 1967 1481 2050 pronuntianti
1573 1967 1574 2056 Ῑ

313 2065 422 2132 fictum
449 2067 595 2132 nuntium
617 2067 744 2134 misisse
765 2067 868 2134 filium
891 2069 960 2135 cius
982 2074 1142 2134 mortuum
1165 2087 1252 2153 esse,
1282 2088 1322 2134 eo
1345 2066 1480 2150 quidem
1573 2069 1574 2152 i

314 2168 466 2250 consilio,
492 2173 528 2233 ut
548 2168 605 2234 ille
628 2167 867 2236 dedicationem
888 2169 1043 2253 perficere
1066 2189 1130 2236 non
1152 2176 1279 2254 posset;
1307 2170 1481 2236 Horatium
1573 2163 1574 2184 ¹

314 2288 393 2336 vero
423 2267 505 2334 nihil
534 2270 713 2353 turbatum,
742 2277 778 2336 ut
806 2291 923 2355 corpus
952 2271 1069 2337 mortui
1098 2270 1266 2338 efferretur
1290 2273 1481 2356 imperasse.
1573 2259 1574 2284 i

315 2373 454 2438 Tantum
469 2371 614 2454 profecto
629 2373 732 2457 abest,
748 2373 878 2438 attalia
893 2373 1000 2456 ipsum
1015 2371 1180 2438 Valerium
1195 2372 1329 2440 finxisse
1344 2373 1481 2439 Virckio
1573 2401 1574 2406 ¹

315 2473 539 2555 concedamus,
562 2479 598 2538 ut
612 2475 710 2540 etiam
725 2495 829 2559 pruna
849 2475 892 2542 sit
914 2475 1056 2558 suspicio
1080 2494 1154 2540 eum
1176 2475 1239 2541 ista
1261 2474 1392 2541 omnino
1414 2495 1483 2541 non

313 2576 485 2642 rettulisse.
531 2573 597 2641 Sed
626 2595 667 2642 ne
697 2575 778 2643 haec
806 2576 939 2660 quidem
961 2576 1122 2644 sententia
1144 2582 1229 2643 stare
1252 2582 1375 2661 potest,
1406 2596 1482 2644 cnm

314 2677 413 2744 etiam
441 2675 503 2743 hac
531 2678 566 2742 iu
594 2684 687 2760 parte
715 2679 908 2745 narrationis
931 2676 1145 2744 Plutarcheae
1173 2698 1238 2744 uno
1267 2678 1409 2761 quodam
1433 2681 1482 2744 in·
1573 2731 1574 2744 ,

202 2841 208 2852 ,
315 2777 402 2846 dicio
428 2776 585 2861 prodatur
605 2786 718 2846 auctor
739 2780 889 2848 Valerius
910 2779 1035 2846 Antias.
1072 2779 1225 2846 Animum
1247 2780 1334 2846 enim
1357 2800 1481 2864 quaeso

315 2881 467 2948 advertas
496 2900 517 2946 a
539 2879 712 2947 Plutarcho
740 2901 805 2949 non
832 2889 868 2946 ut
896 2881 1033 2946 aLivio
1062 2880 1201 2947 eandem
1230 2901 1299 2948 rem
1327 2891 1482 2950 narrante
1573 2955 1574 2960 ,

314 2982 579 3050 necessarios
615 2983 797 3050 nominibus
829 2984 1004 3066 neglectis,
1041 2983 1100 3049 sed
1133 2981 1305 3049 fratrem
1338 2983 1482 3050 Publi·
1573 2987 1574 3052 l

315 3086 432 3151 colae
455 3085 696 3150 nominatim
719 3084 839 3168 induci,
862 3087 918 3169 qni
940 3083 1088 3151 fraudem
1110 3086 1201 3150 illam
1222 3091 1320 3168 atque
1343 3086 1482 3153 insidias
1573 3067 1574 3100 ¹

315 3187 450 3254 Horatio
480 3186 632 3252 intulerit
677 3185 773 3265 Quod
801 3187 932 3255 fortuito
960 3186 1121 3254 accidisse
1148 3205 1229 3254 care
1250 3193 1355 3271 putes.
1393 3188 1482 3255 Nam

315 3289 488 3375 apparebit
509 3288 698 3356 Publicolae
727 3290 828 3356 vitam
852 3283 878 3355 ¹a
900 3287 1075 3356 Plutarcho
1103 3295 1286 3356 emunctam
1308 3309 1381 3356 cnm
1405 3292 1480 3356 reli·

316 3412 452 3476 quornm
480 3391 672 3474 scriptorum
695 3393 853 3457 memoria
875 3391 1093 3474 comparanti,
1115 3391 1274 3475 imprimis
1303 3411 1377 3458 cum
1402 3393 1480 3458 Dio·

316 3495 402 3577 nysii
417 3493 561 3576 alioquin
584 3493 750 3559 simillima
770 3493 964 3574 narratione,
987 3493 1109 3559 nemini
1130 3493 1194 3560 nisi
1209 3493 1339 3560 Valerio
1355 3492 1482 3561 Antiati
1573 3549 1574 3568 ,

315 3598 349 3662 in
365 3594 491 3661 deliciis
505 3593 616 3678 fnisse,
639 3595 807 3662 scientiam
829 3594 1023 3661 familiae
1038 3593 1162 3662 Valerii
1177 3595 1367 3663 Publicolae
1382 3615 1482 3680 quam
1573 3633 1574 3678 ,

316 3695 591 3764 accuratissimam
619 3698 755 3780 iactare,
790 3697 920 3781 saepius
949 3697 1035 3764 enim
1065 3698 1122 3764 ille
1149 3717 1215 3764 non
1242 3698 1365 3783 solnm,
1395 3717 1481 3782 quae

315 3797 465 3864 Valerius
493 3797 565 3880 ipse
594 3799 740 3884 fecisset,
768 3798 827 3865 sed
855 3799 954 3865 etiam
982 3799 1146 3883 quomodo
1167 3799 1286 3886 frater,
1315 3799 1480 3883 quomodo

315 3898 456 3967 coniunx
489 3917 563 3964 eum
597 3901 814 3984 adiuvissent,
848 3903 1024 3970 memoriae
1057 3901 1201 3969 tradidit.
1209 3903 1229 3980 ¹)
1279 3901 1354 3969 Mea
1382 3903 1481 3986 igitur

404 4122 427 4186 l)
445 4118 488 4174 cf.
506 4119 579 4175 Plnt.
597 4118 675 4175 Publ
690 4123 705 4174 5
723 4124 795 4187 (194,
815 4124 880 4176 1-7
899 4123 928 4174 et
948 4124 990 4186 lt)
1009 4135 1071 4176 cnm
1089 4119 1169 4176 Dion.
1189 4119 1251 4188 Vt,
1263 4123 1330 4188 leq.
