3134 4986
322 397 388 458 374
775 391 900 462 Edgsrus
917 391 1030 449 Martini

324 607 367 618 -
390 570 559 655 λαβοῦσαν
583 569 758 653 coniungit
798 567 913 651 Neque
935 585 1014 634 vcro
1036 566 1099 634 hoc
1120 585 1180 650 per
1200 571 1304 632 artem
1327 585 1485 650 gramma-

324 675 422 740 ticam
444 671 551 738 facore
573 671 663 738 licet:
688 669 777 755 quod
798 671 855 736 ille
877 669 928 736 vir
950 667 1064 736 doctus
1085 669 1187 751 probe
1202 669 1313 751 sensit,
1336 669 1484 751 quamvis

324 775 451 842 fortiter
479 772 661 840 dissimulet
681 771 735 849 (cf.
756 761 896 838 ‘Philol'
921 771 987 838 vol.
1008 769 1136 836 XXXV
1158 763 1266 854 [1886]
1288 790 1320 854 p.
1340 771 1485 854 (itaqu).

325 875 450 954 Quodsi
479 875 615 959 scriptor
637 873 781 941 Graecus
810 893 882 940 eam
911 872 1104 940 sententiam
1126 871 1309 955 exprimere
1330 872 1487 938 voluisset

323 996 408 1062 quae
430 975 612 1043 Schmidtio
633 975 750 1059 placet,
774 977 806 1042 ci
828 973 1003 1043 dicendum
1025 980 1109 1040 erat:
1136 969 1198 1048 τὰς
1219 977 1279 1056 τῆς
1302 968 1487 1059 ἐξηγήσεως

324 1071 482 1164 ἀφορμὰς
505 1077 683 1160 λαβοῦσαν.
717 1076 785 1144 Sed
807 1077 937 1144 omuino
960 1094 1075 1142 vereor
1097 1079 1133 1140 ut
1154 1074 1201 1140 sic
1219 1093 1374 1157 umquam
1392 1073 1486 1140 homo

323 1181 468 1247 Graecus
496 1180 622 1246 locutus
652 1181 703 1246 sit
748 1179 849 1246 Plane
879 1179 965 1245 enim
994 1176 1139 1244 abundat
1168 1173 1418 1260 superflunsque
1441 1185 1487 1242 ast

323 1283 494 1366 genetivus
517 1279 710 1368 ἐξηγήσεως,
735 1279 998 1364 quandoquidem
1013 1279 1133 1346 locutio
1148 1273 1210 1352 τὰς
1225 1273 1387 1362 ἀφορμὰς
1403 1279 1486 1360 λαμ-

323 1381 440 1466 βάνειν
463 1375 532 1448 ἆπό
555 1405 648 1460 τινος
669 1402 727 1466 per
749 1402 785 1448 se
807 1381 957 1448 absoluta
978 1388 1028 1448 est
1049 1387 1147 1464 atque
1168 1378 1314 1462 perfecta
1335 1401 1399 1448 nec
1421 1384 1486 1448 ullo

326 1485 453 1569 indiget
480 1483 710 1552 additamento.
757 1483 804 1550 cf.
828 1484 872 1550 sis
895 1490 1042 1550 extrema
1063 1483 1164 1548 verba
1178 1480 1385 1563 Simpliciani
1408 1484 1485 1551 loci:

324 1576 432 1663 οὕτως
460 1620 501 1632 -
530 1579 548 1652 δ
572 1591 778 1667 Γεμῖνος-
800 1581 860 1672 τὴν
886 1581 1056 1671 διαφορὰν
1078 1619 1119 1630 -
1141 1580 1379 1664 napolitano
1405 1577 1484 1650 ἀπὸ

320 1679 1486 1773 ἈριστοτέλουςτάςἀφορμὰςλαβώνΝθιιιυιρῐεθίθτίιωευε

324 1792 542 1857 dubitationes
556 1790 783 1874 grammaticas
797 1791 882 1856 alius
896 1788 991 1856 adest
1005 1789 1173 1872 scrupulus
1188 1786 1276 1852 haud
1288 1788 1384 1855 levis.
1415 1791 1485 1856 Etc-

221 1960 225 1969 ,
324 1895 390 1959 nim
406 1911 478 1958 cum
491 1892 675 1958 Priscianus
683 1891 794 1974 Lydus
804 1884 1166 1976 υθοωίσοἛξήγησιν
1177 1890 1244 1952 τῶν
1252 1889 1485 1956 Ποσειδωνίου

325 1993 405 2075 περὶ
426 1984 616 2076 μετεώρων
641 1993 853 2077 perscriptam
876 2012 947 2060 esse
963 1991 1083 2058 diserte
1098 1997 1241 2072 testetur,
1263 1991 1347 2057 nihil
1363 1993 1485 2061 meher-

325 2095 414 2161 cules
440 2095 623 2179 perversius
647 2113 718 2161 esse
740 2101 848 2178 potest
870 2114 967 2178 quam
989 2092 1078 2177 apud
1093 2092 1297 2177 Simplicium
1319 2095 1377 2160 ubi
1402 2104 1485 2163 recte

324 2196 502 2263 coniunctis
518 2197 625 2263 verbis
646 2195 784 2263 eundem
806 2197 875 2262 fere
897 2195 1024 2261 titulum
1046 2214 1283 2280 recuperamus,
1299 2200 1486 2281 genetivum
1557 2249 1558 2288 η

326 2294 509 2384 ἐξηγήσεως
531 2319 552 2364 a
567 2299 674 2366 verbis
690 2297 955 2364 antecedentibus
970 2297 1037 2360 τῶν
1052 2295 1286 2362 Ποσειδωνίου
1302 2301 1486 2382 Μετεωρο-

326 2399 466 2483 ίογικῶν
495 2398 662 2466 divellere.
706 2399 822 2483 Neque
844 2419 905 2483 ego
927 2398 1040 2465 dubito
1063 2399 1142 2482 quin
1163 2400 1204 2465 M.
1221 2399 1257 2466 0.
1274 2399 1310 2465 P.
1327 2397 1486 2482 Schmidt,

324 2503 375 2570 vir
397 2503 584 2585 ceteroquin
606 2501 719 2569 iudicii
742 2501 916 2568 sobrietate
938 2502 1036 2585 plane
1058 2501 1210 2584 insignis,
1234 2502 1262 2568 si
1284 2501 1485 2569 Priscianum

324 2603 532 2686 respexisset,
555 2603 640 2670 hunc
662 2622 803 2670 errorem
819 2601 1020 2671 devitaturus
1032 2603 1140 2670 fuerit
1175 2603 1261 2686 Ergo
1276 2605 1392 2688 utique
1408 2606 1486 2670 inter

325 2724 397 2772 sese
420 2700 603 2788 copulanda
624 2707 698 2767 sunt
719 2708 830 2787 utpote
853 2705 1024 2772 individua
1045 2705 1148 2772 verba
1167 2705 1234 2769 τῶν
1250 2704 1484 2770 Ποσειδωνίου

324 2805 631 2890 Μετεωρολογικῶν
647 2800 841 2890 ἐξηγήσεως.
855 2805 960 2885 *Quod
975 2809 1009 2872 in
1023 2807 1179 2874 memoria
1193 2807 1350 2874 librorum
1365 2815 1484 2874 nostro-

324 2929 395 2975 rum
422 2928 488 2976 non
515 2908 593 2975 satis
622 2905 774 2992 adparet,
801 2914 909 2975 tamen
937 2909 1047 2992 aliquo
1069 2908 1167 2976 modo
1188 2909 1339 2994 scriptori
1361 2910 1484 2977 Graeco

325 3008 534 3076 indicandum
563 3013 633 3074 erat
660 3016 757 3092 atquc
787 3011 857 3076 sine
886 3010 985 3076 dubio
1014 3009 1172 3078 indicavit
1193 3011 1403 3096 Simplicius,
1432 3012 1484 3078 ad·
1555 3085 1556 3098 η

232 3102 234 3107 ’
326 3117 457 3178 curatae
480 3109 631 3177 dictionis
653 3111 958 3179 observantissimus
973 3119 1136 3196 patronus.
1169 3113 1235 3178 Aut
1249 3115 1384 3198 egregie
1401 3115 1486 3198 equi·

326 3213 401 3279 dem
420 3210 518 3279 fallor
540 3218 596 3279 aut
611 3212 667 3278 ille
682 3211 787 3278 dedit:
811 3210 899 3289 λέξιν
921 3211 997 3279 τινὰ
1017 3215 1077 3278 τοῦ
1095 3219 1123 3278 Γ
1120 3217 1234 3297 εμίυου
1249 3220 1485 3302 παρατίθησιν

326 3311 361 3379 ἐκ
382 3315 441 3398 τῆς
463 3310 626 3400 ἐπιτομῆς
646 3309 742 3400 (τῆς)
762 3315 829 3378 τῶν
851 3313 1083 3380 Ποσειδωνίου
1106 3317 1415 3402 Μετεωρολογικῶν
1436 3315 1486 3394 ἐξ·

326 3411 485 3501 ηγησεως.
530 3415 599 3481 lam
629 3416 739 3483 omnia
766 3416 849 3482 bene
879 3436 951 3484 sese
980 3416 1109 3483 habent.
1155 3416 1260 3496 Quam
1285 3419 1388 3486 facile
1411 3440 1488 3488 vero

326 3518 480 3584 articulus
508 3517 567 3604 τῆς
589 3517 741 3603 ροσε-γῆς
763 3525 940 3584 extremam
963 3520 1124 3604 syllabam
1146 3521 1299 3586 vocabuli
1322 3517 1488 3605 ἐπιτομῆς
1554 3539 1555 3590 l

327 3637 522 3686 evanescere
544 3619 695 3702 potuerit,
718 3619 776 3684 vix
798 3625 847 3686 est
869 3620 956 3702 quod
979 3621 1099 3687 diserte
1121 3639 1280 3688 moneam.
1325 3621 1400 3700 Qua
1423 3625 1489 3690 leni

326 3719 457 3785 medela
471 3726 555 3786 totus
567 3719 727 3804 Simplicii
742 3721 832 3786 locus
847 3721 890 3787 ad
906 3723 1123 3806 integritatem
1139 3725 1382 3805 grammaticam
1395 3746 1489 3793 revo-

328 3827 418 3887 catur
439 3840 500 3888 nec
522 3820 686 3887 residuum
709 3828 758 3890 est
780 3822 869 3905 quod
891 3822 1072 3908 displiceat.
1081 3825 1102 3902 ¹)
1139 3824 1245 3891 Verbo
1268 3827 1384 3893 saltem
1401 3829 1488 3894 'Pan-

417 3975 440 4035 1)
461 3969 540 4024 Hanc
563 3984 644 4039 quarn
668 3986 719 4026 nos
742 3971 822 4027 modo
840 3973 1016 4041 exposuimus
1033 3980 1061 4027 et
1077 3973 1252 4042 probavimus
1270 3976 1488 4032 emendationem
1553 3977 1554 3980 ’

328 4054 430 4124 primus
448 4055 593 4124 proposuit
604 4055 722 4111 Dielsius
740 4054 769 4110 in
786 4057 878 4113 adnot
897 4057 957 4112 crit.
975 4057 1012 4112 ad
1026 4057 1158 4127 Simplicii
1169 4059 1188 4114 l.
1200 4060 1219 4115 l.
1233 4059 1293 4125 (vol.
1306 4059 1320 4113 Ι
1332 4076 1360 4128 p.
1372 4064 1435 4126 291,
1446 4066 1488 4126 25)

329 4137 405 4194 nulla
428 4139 535 4194 adiecta
558 4140 743 4210 explicatione.
781 4140 882 4198 Postea
904 4157 967 4198 vero
989 4142 1064 4197 illam
1086 4143 1300 4199 emendationem
1318 4144 1444 4200 deseruit
1459 4148 1489 4200 in
