3198 4974
326 389 388 448 172
804 388 869 442 Otto
889 387 1016 444 Bockscb

326 564 377 631 bis
399 562 495 630 factis
518 560 813 644 diversissimisque
828 561 995 627 sententiis
1010 559 1107 626 dictis
1129 563 1213 644 (cap.
1229 561 1369 636 63-69)
1385 559 1497 626 decre

327 666 386 748 rit,
408 671 445 731 ut
465 663 791 731 senatusconsultum
806 662 848 728 do
863 681 905 728 eo
923 681 961 728 re
976 661 1168 744 differretur,
1191 661 1268 726 dum
1284 661 1406 726 bellum
1420 679 1497 728 con·

325 768 445 833 tectum
469 771 564 848 esset,
587 765 805 830 intereavero
826 782 868 830 ne
890 763 978 831 ollae
992 764 1152 848 pecuniae
1173 783 1194 828 a
1216 762 1417 831 debitoribus
1440 781 1495 830 ex·

325 870 500 952 igerentur,
515 885 599 933 neve
614 867 700 932 ullus
712 865 918 948 magistratus
935 864 1058 932 iudicia
1069 870 1245 947 exerceret,
1259 865 1324 932 nisi
1341 866 1497 931 militaria

326 973 391 1052 (69,
407 971 450 1048 2).
496 967 563 1035 Sed
593 966 722 1034 etiamsi
747 967 984 1050 aliquantulum
1014 965 1077 1032 boc
1097 967 1245 1033 consulto
1267 966 1310 1032 ad
1338 968 1495 1052 populum

327 1071 416 1139 edito
438 1070 593 1137 tumultus
614 1087 781 1153 repressus
804 1075 905 1151 esset,
934 1074 1067 1135 tamen
1096 1074 1228 1150 erant,
1258 1069 1327 1151 qui
1349 1069 1435 1134 fore
1457 1078 1497 1134 ut

326 1174 389 1242 his
412 1171 692 1240 dilationibus
720 1169 839 1255 plebs
862 1169 1130 1255 deciperetur
1157 1178 1495 1253 praemonerent3

325 1278 397 1344 sine
424 1275 499 1342 fuco
522 1280 555 1340 et
582 1273 722 1340 fallaciis
751 1273 859 1356 potius
880 1279 937 1336 ant
958 1271 1143 1354 petentibus
1166 1272 1230 1338 sibi
1251 1271 1495 1356 obsequendum

325 1378 426 1446 fuisse
448 1382 506 1443 aut
527 1381 640 1459 aperte
662 1371 861 1457 negandum3
891 1373 990 1439 alium
1013 1375 1099 1440 enim
1122 1393 1194 1440 esse
1223 1381 1364 1440 mentem
1392 1372 1495 1440 bomi-

325 1498 402 1545 num
424 1478 584 1561 angustiis
607 1477 897 1544 circumventorum
920 1476 1077 1542 auxilium
1099 1477 1294 1561 petentium,
1317 1477 1418 1542 aliam
1439 1495 1495 1560 po-

325 1588 407 1664 stes,
425 1591 503 1647 bum
527 1585 640 1664 optata
662 1580 710 1646 eis
733 1578 944 1660 contigissent
965 1578 1029 1660 (69,
1046 1579 1089 1652 3).

411 1681 480 1749 Sed
500 1681 545 1748 ad
567 1701 623 1748 eas
645 1699 698 1747 res
720 1681 922 1764 potissimum
939 1680 1039 1746 velim
1059 1681 1203 1746 animum
1225 1679 1386 1762 attendes,
1410 1698 1496 1763 quae

326 1785 483 1869 deinceps
500 1788 703 1850 enarrantur:
717 1783 921 1865 apertissime
937 1782 1023 1847 enim
1037 1783 1160 1848 fontem
1175 1782 1313 1848 arbitror
1328 1802 1385 1848 eas
1401 1784 1496 1866 quasi

326 1887 558 1966 demonstrare,
581 1903 624 1950 ex
638 1903 702 1966 qno
726 1882 861 1949 banstae
884 1883 957 1949 sint.
994 1883 1144 1968 Namque
1166 1884 1293 1950 senatui
1316 1884 1443 1950 curanti
1457 1903 1497 1950 ac

325 1986 606 2069 circumspicienti,
630 2005 695 2069 quo
717 1985 814 2052 modo
830 1985 948 2052 seditio
967 1986 1099 2052 iamiam
1115 1992 1268 2070 eruptura
1287 1987 1494 2070 reprimatur,

325 2110 446 2157 novum
476 2089 715 2171 magistratum,
749 2086 942 2153 dictaturam
973 2088 1141 2169 nimirum,
1175 2089 1343 2154 instituere
1376 2089 1495 2172 placet.

231 2223 238 2240 ·
326 2193 452 2259 Plebs
474 2197 623 2272 antem,
646 2191 680 2255 si
703 2189 947 2272 Dionysium
969 2189 1174 2273 audimus,
1198 2190 1271 2258 boc
1293 2192 1496 2258 instituto

324 2295 505 2378 turpiter
527 2291 869 2359 etfraodulentcr
891 2290 1370 2378 iuresuodestitutaest.
1408 2283 1495 2358 Nam

201 2422 207 2442 ι
327 2399 383 2464 lex
405 2395 447 2462 de
467 2394 701 2480 provocatione
723 2413 744 2458 a
765 2394 801 2458 P.
815 2393 945 2460 Valerio
968 2393 1138 2460 Publicola
1165 2394 1232 2460 lata
1253 2394 1414 2460 dissoluta
1436 2401 1495 2476 est,

326 2519 448 2566 novum
469 2496 649 2564 nobilitatis
671 2494 869 2580 praesidium
886 2495 1037 2578 positum,
1059 2515 1137 2579 quo
1159 2495 1176 2560 f
1180 2496 1334 2562 acilius
1356 2496 1494 2581 plebs,

324 2620 429 2685 quae
451 2605 532 2666 tum
554 2618 602 2665 ne
631 2598 929 2681 suspicabatur
950 2597 1111 2680 quidem
1134 2599 1410 2681 patriciorum
1433 2601 1494 2665 in·

325 2702 477 2784 sidias,
511 2701 718 2768 servitute
750 2701 880 2783 premi
912 2706 1064 2784 posset.
1114 2699 1182 2766 Sed
1211 2701 1313 2785 ipsius
1342 2702 1495 2786 Dionysii

325 2804 429 2871 verba
442 2802 600 2884 adferam,
616 2808 651 2866 nt
664 2821 718 2868 me
732 2821 773 2868 ca
786 2822 852 2869 non
862 2802 959 2868 nimis
974 2820 1122 2887 premere
1134 2821 1327 2886 cognoscam
1343 2805 1496 2887 leguntur

324 2911 434 2972 autern
449 2905 477 2968 V
491 2907 574 2986 70‚4
597 2901 693 2970 haec:
717 2902 965 2986 προβούλευμα,
989 2901 1031 2970 δι’
1049 2897 1089 2969 οὗ
1111 2909 1494 2988 παρακρουσαμένη

324 3000 416 3091 ison}
436 3003 554 3092 βουλή)
575 3001 654 3081 τοὺς
675 3008 823 3093 πένητας
843 3007 901 3071 καὶ
915 3003 974 3071 τὸν
988 3007 1191 3089 βεβαιοῦντα
1212 2998 1271 3071 τόν
1294 3003 1494 3094 ἐλευθερίαν

324 3101 439 3184 αὐτοῖς
467 3104 571 3189 νόμον
599 3098 810 3172 ἀνελοῦσα
840 3105 1004 3174 tracas.
1056 3109 1230 3175 Praeterea
1259 3109 1299 3175 cf.
1321 3128 1375 3192 qu.
1401 3113 1493 3196 70,3

323 3219 357 3278 et
378 3215 412 3294 53
435 3216 469 3277 et
490 3208 616 3277 Virclrii
638 3209 716 3277 diss.
739 3231 771 3294 p.
789 3213 839 3276 39.

410 3311 478 3379 Sed
501 3317 536 3378 ot
557 3312 624 3376 iam
638 3313 741 3378 omnis
757 3312 916 3379 dubitatio
932 3319 1106 3380 evanescat
1121 3313 1311 3396 eluceatque
1328 3315 1494 3382 neminem
1586 3355 1587 3364 ι

323 3413 386 3483 nisi
408 3413 521 3481 Sullae
548 3414 720 3496 aequalem
750 3433 889 3497 eumque
918 3415 1175 3482 inimicissimum
1196 3415 1384 3498 memoriae,
1408 3435 1493 3500 quae
1586 3427 1587 3440 ¹

322 3515 411 3600 apud
420 3514 614 3599 Dionysium
627 3520 915 3598 exstat,auctorem
927 3517 1038 3600 essai.
1048 3516 1286 3582 e.Licinium
1297 3517 1493 3600 Macrum,

322 3619 415 3702 legas
437 3635 559 3700 quaeso
582 3620 721 3699 capii.
760 3615 859 3683 Vides
881 3619 1085 3684 acerrimo
1113 3637 1199 3685 cum
1221 3617 1365 3685 Sullae
1395 3620 1494 3686 odio

323 3721 431 3785 inter
460 3736 503 3784 se
531 3718 684 3801 opponi
712 3719 895 3802 primam,
929 3720 1137 3803 Marcii,
1171 3719 1423 3787 dictaturam
1456 3730 1495 3789 et

323 3821 591 3903 dictaturam,
607 3839 710 3903 quae
733 3821 964 3904 dicebatur,
987 3821 1023 3888 L.
1039 3820 1401 3908 corneliisnllas,
1424 3826 1494 3908 qui

322 3923 447 4007 primus
469 3940 509 3987 ac
531 3921 619 3989 solus
642 3919 737 3990 buius
758 3923 965 4005 magistratus
990 3929 1151 4008 potestate
1173 3923 1347 3991 crudeliter
1369 3925 1492 3994 abusus

321 4025 374 4108 sit,
390 4044 464 4092 cum
480 4030 527 4090 tot
541 4042 642 4107 penes
659 4021 807 4091 homines
822 4031 953 4108 tamque
968 4026 1158 4108 periculosis
1173 4026 1372 4111 temporibus
1388 4027 1491 4095 dictu·

322 4133 395 4193 tura
409 4147 430 4192 a
444 4127 614 4209 tyrannica
629 4125 849 4194 dominatione
866 4134 899 4194 et
912 4128 1066 4211 superbia
1080 4129 1184 4195 libera
1204 4129 1385 4196 mansisset
1422 4130 1491 4199 Sed
1585 4207 1586 4232 χ
