3318 4970
325 365 367 423 76
747 363 889 432 Angustus
905 362 1062 420 ommam

328 546 380 606 tus
402 537 590 604 Pannoniae
613 537 774 604 inferioris
796 536 907 604 sedem
930 535 1082 618 babebat,
1111 535 1222 602 titulus
1244 535 1364 620 u.178,
1392 539 1484 606 testis

327 640 549 723 gravissimus,
565 639 621 723 qui
636 637 781 706 scholam
802 639 1040 722 speculatorum
1056 638 1220 722 legionum
1235 637 1261 704 Ι.
1277 644 1310 706 et
1323 639 1366 706 11.
1381 638 1484 708 Adiu-

327 742 442 807 tricum
471 742 652 808 restitutam
681 759 753 807 esse
781 739 959 824 praedicat
1005 738 1077 820 Quo
1104 741 1198 808 titulo
1219 760 1316 824 quem
1337 741 1483 824 legiones

328 841 513 910 Adiutrices
542 863 606 910 una
633 850 825 927 posuerunt,
855 841 994 910 efficitur
1022 843 1081 910 bas
1110 841 1190 910 duas
1218 843 1365 927 legiones
1388 845 1485 910 simul

327 945 387 1010 snb
410 944 526 1011 eodem
549 946 658 1029 legato
679 946 713 1012 in
737 943 853 1012 eadem
875 945 1045 1028 provincia
1065 945 1176 1012 fuisse.

412 1046 448 1113 Si
477 1068 541 1114 non
569 1049 616 1115 ita
643 1053 738 1131 esset,
769 1053 856 1114 certe
884 1065 990 1130 neque
1020 1047 1198 1114 communis
1228 1047 1342 1116 inisset
1369 1047 1483 1116 schola

328 1147 503 1234 legionum,
520 1171 653 1234 quarum
669 1151 773 1218 altera
787 1150 821 1216 in
836 1149 958 1234 oppido
974 1150 1045 1234 ipso
1057 1149 1205 1234 Aquineo
1216 1149 1253 1232 ¹),
1274 1150 1377 1216 altera
1392 1156 1484 1218 extra

326 1251 528 1332 provinciam
562 1253 749 1336 Brigetionc
781 1258 888 1318 castra
920 1251 1077 1333 babebat,
1109 1270 1215 1336 neque
1249 1253 1379 1320 omnino
1412 1253 1482 1320 fieri

326 1353 441 1436 potuit,
465 1359 499 1419 nt
514 1355 734 1441 speculatores
749 1355 888 1438 legionis
898 1354 924 1420 L
934 1353 1112 1420 Adiutricis
1128 1371 1146 1418 e
1161 1351 1278 1419 finibus
1293 1357 1482 1440 provinciae

327 1457 450 1537 egressi
472 1457 629 1540 Aquinci,
659 1457 693 1522 in
722 1459 829 1542 capite
850 1457 934 1522 alius
956 1456 1144 1540 provinciae
1166 1455 1308 1540 vicinae,
1337 1456 1482 1524 scholam

324 1557 545 1624 aedificarent
590 1555 676 1636 Quin
705 1559 804 1625 etiam
833 1578 897 1626 non
926 1563 1162 1644 exstruxerunt,
1191 1557 1251 1625 sed
1276 1560 1483 1626 restituerunt

327 1657 483 1742 scholam,
514 1680 577 1743 quo
606 1680 664 1744 per
686 1660 869 1744 complures
891 1661 956 1726 ium
977 1679 1079 1726 annos
1101 1661 1321 1744 speculatores
1344 1661 1482 1746 legionis

326 1760 352 1825 I.
375 1761 554 1828 Adiutricis
567 1762 828 1846 Aquineensibus
850 1761 1019 1828 adiunctos
1042 1781 1114 1830 esse
1136 1761 1383 1830 demonstratur.
1417 1765 1482 1831 No·

326 1863 466 1929 minibus
489 1870 597 1930 autem
621 1865 787 1930 consulum
808 1864 946 1931 adiectis
968 1865 1096 1932 titulum
1117 1885 1202 1930 anno
1225 1867 1298 1932 228.
1315 1873 1483 1933 exaratum

328 1983 400 2032 esse
429 1966 583 2048 arguitur.
627 1966 700 2034 Hoc
729 1967 827 2050 igitur
848 1987 933 2033 anno
956 1973 990 2034 et
1010 1968 1147 2036 tortasse
1169 1967 1234 2033 iam
1257 1968 1368 2034 multis
1389 1969 1483 2035 annis

327 2072 402 2134 ante
425 2074 560 2150 utraque
581 2068 669 2150 legio
686 2068 839 2135 Adiutrix
861 2068 967 2135 eidem
989 2069 1177 2154 provinciae
1199 2069 1439 2154 praesidebant

413 2170 483 2236 lem
505 2171 668 2254 quaeritur
690 2171 777 2254 legio
799 2170 825 2236 L
847 2171 1000 2236 Adiutrix
1022 2170 1152 2255 quando
1176 2175 1281 2238 castra
1301 2173 1483 2240 mutaverit

328 2271 371 2338 At
393 2279 500 2339 eastra
522 2292 585 2340 non
607 2273 777 2356 reliquisse
800 2273 963 2357 legionem
986 2292 1028 2340 ex
1057 2274 1151 2340 titulo
1173 2293 1277 2360 nuper
1298 2273 1484 2359 Brigetionc

327 2381 456 2460 reperto
477 2380 614 2460 apparet
629 2378 671 2453 (n.
686 2376 769 2456 181),
792 2375 826 2440 in
849 2395 913 2459 quo
935 2375 1088 2458 legimus:
1108 2369 1288 2442 ‘Minervae
1304 2377 1386 2460 Aug.
1402 2398 1484 2444 sacr.

326 2477 416 2542 scola
444 2477 622 2543 tubicinum
651 2497 693 2543 ex
722 2482 799 2544 voto
828 2498 898 2562 pos.
921 2479 1105 2562 Imperante
1127 2477 1158 2544 d.
1182 2499 1213 2544 n.
1235 2479 1426 2546 Alexandro
1453 2485 1485 2545 et

326 2578 431 2645 Dione
450 2567 557 2663 [coal'

413 2681 512 2748 Cuius
535 2682 633 2763 igitur
654 2681 794 2764 legionis
816 2682 976 2748 tubicines
998 2682 1117 2747 luerint
1130 2683 1252 2766 apertis
1267 2683 1377 2750 verbis
1391 2682 1484 2750 addi·

326 2787 396 2849 tum
411 2803 475 2848 non
491 2789 549 2865 est,
572 2783 607 2848 id
623 2783 709 2867 quod
725 2783 807 2848 nibil
823 2783 1011 2850 offensionis
1026 2783 1135 2867 habet,
1158 2805 1231 2850 cum
1254 2785 1388 2851 dublum
1411 2805 1483 2854 esse

327 2905 392 2952 non
414 2886 527 2969 possit,
550 2905 634 2970 quae
655 2886 743 2968 legio
759 2887 801 2953 sit
816 2886 1045 2970 intellegenda
1081 2887 1166 2952 Nam
1180 2893 1215 2953 ut
1229 2888 1333 2971 primo
1348 2895 1483 2973 aspectu

327 2989 454 3056 titulum
470 3008 595 3054 sacrum
611 2987 670 3054 sub
682 2986 804 3056 Severo
817 2981 1005 3056 Alexandro
1021 2989 1207 3056 dedicatum
1219 3009 1290 3056 esse
1302 2990 1482 3074 intelleges,

327 3093 375 3158 ita
397 3092 497 3158 ullum
519 3091 617 3156 aliam
639 3091 812 3173 legionem,
840 3098 1013 3175 postquam
1034 3093 1121 3175 legio
1143 3091 1169 3157 I.
1191 3091 1346 3158 Adiutrix
1367 3093 1481 3159 castris

327 3193 628 3278 Brigetionensibus
656 3193 810 3279 imposita
838 3201 897 3277 est,
926 3194 973 3259 ibi
1001 3214 1142 3278 unquam
1171 3193 1348 3262 tetendisse
1376 3211 1482 3278 neque

326 3303 494 3364 auctorum
522 3296 630 3363 verbis
663 3314 769 3379 neque
802 3302 1080 3363 monumentorum
1113 3297 1297 3364 testimonio
1330 3297 1483 3363 traditur:
1551 3365 1554 3369 ,

327 3401 451 3466 nullum
466 3399 521 3466 vel
536 3399 702 3465 minimum
718 3399 902 3482 vestigium,
917 3418 959 3466 ne
974 3401 1084 3483 tegula
1099 3399 1230 3483 quidem
1245 3399 1329 3466 alius
1345 3401 1483 3483 legionis

303 3497 305 3502 ’
329 3503 514 3586 Brigetionc
536 3506 682 3586 apparet.

320 3628 329 3652 ι
415 3603 487 3682 Qua
508 3623 543 3671 re
566 3610 737 3689 perspecta
752 3623 824 3670 eum
839 3604 961 3668 nullam
977 3603 1040 3669 nisi
1055 3603 1217 3686 legionem
1232 3603 1257 3670 Ι.
1273 3602 1483 3676 Adiutricem,

330 3708 406 3774 inde
434 3727 456 3774 a
483 3707 616 3772 Traiani
644 3706 843 3790 temporibus
872 3705 1059 3789 Brigetione
1091 3705 1191 3772 fnisse
1225 3709 1365 3786 constet,
1399 3703 1484 3770 bunc

418 3965 441 4024 1)
460 3959 573 4026 Quando
595 3959 664 4027 legio
682 3959 718 4014 11.
736 3957 876 4026 Adiutrix,
901 3970 971 4024 quse
994 3961 1075 4010 antea
1092 3955 1237 4012 Acuminci
1259 3955 1395 4010 collocata
1416 3958 1484 4022 erat,

321 4051 421 4102 castra
432 4046 586 4111 mutaverit,
603 4045 781 4113 probabiliter
792 4039 1119 4112 explicaritFriedericus
1133 4041 1240 4096 donner
1250 4041 1279 4096 in
1292 4039 1483 4096 manutium

324 4125 545 4199 ‘delegissem
564 4121 716 4186 Adiutricc'
735 4129 898 4198 conscripta.
