<?xml version="1.0" encoding="UTF-8"?>
<!DOCTYPE html PUBLIC "-//W3C//DTD XHTML 1.0 Transitional//EN"
    "http://www.w3.org/TR/xhtml1/DTD/xhtml1-transitional.dtd">
<html xmlns="http://www.w3.org/1999/xhtml" xml:lang="en" lang="en">
 <head>
  <title>
</title>
<meta http-equiv="Content-Type" content="text/html;charset=utf-8" />
  <meta name='ocr-system' content='tesseract 3.04.00' />
  <meta name='ocr-capabilities' content='ocr_page ocr_carea ocr_par ocr_line ocrx_word'/>
</head>
<body>
  <div class='ocr_page' id='page_1' title='image "./leipzigerstudie00curtgoog_0532.png"; bbox 0 0 3134 4986; ppageno 0'>
   <div class='ocr_carea' id='block_1_1' title="bbox 305 393 1014 461">
    <p class='ocr_par' dir='ltr' id='par_1_1' title="bbox 305 393 1014 461">
     <span class='ocr_line' id='line_1_1' title="bbox 305 393 1014 461; baseline -0.01 -8"><span class='ocrx_word' id='word_1_1' title='bbox 305 394 367 453; x_wconf 79' lang='lat'>348</span> <span class='ocrx_word' id='word_1_2' title='bbox 757 393 884 461; x_wconf 78' lang='lat' dir='ltr'>Edgsrns</span> <span class='ocrx_word' id='word_1_3' title='bbox 901 393 1014 448; x_wconf 83' lang='lat' dir='ltr'>Martini</span> 
     </span>
    </p>
   </div>
   <div class='ocr_carea' id='block_1_2' title="bbox 304 566 1470 958">
    <p class='ocr_par' dir='ltr' id='par_1_2' title="bbox 304 566 1470 958">
     <span class='ocr_line' id='line_1_2' title="bbox 308 566 1468 652; baseline 0 -18"><span class='ocrx_word' id='word_1_4' title='bbox 308 567 426 652; x_wconf 85' lang='lat' dir='ltr'>Agath.</span> <span class='ocrx_word' id='word_1_5' title='bbox 450 568 490 634; x_wconf 84' lang='lat' dir='ltr'>ci.</span> <span class='ocrx_word' id='word_1_6' title='bbox 505 566 721 650; x_wconf 90' lang='lat' dir='ltr'>Leopoldium</span> <span class='ocrx_word' id='word_1_7' title='bbox 742 568 764 632; x_wconf 91' lang='lat' dir='ltr'>l.</span> <span class='ocrx_word' id='word_1_8' title='bbox 779 567 802 632; x_wconf 92' lang='lat' dir='ltr'>l.</span> <span class='ocrx_word' id='word_1_9' title='bbox 824 586 856 650; x_wconf 93' lang='lat' dir='ltr'>p.</span> <span class='ocrx_word' id='word_1_10' title='bbox 874 567 916 646; x_wconf 89' lang='lat'>8).</span> <span class='ocrx_word' id='word_1_11' title='bbox 950 567 1142 650; x_wconf 76' lang='lat' dir='ltr'>Composuit</span> <span class='ocrx_word' id='word_1_12' title='bbox 1162 573 1271 632; x_wconf 86' lang='lat' dir='ltr'>nutem</span> <span class='ocrx_word' id='word_1_13' title='bbox 1286 567 1468 634; x_wconf 81' lang='lat' dir='ltr'>Ambianus</span> 
     </span>
     <span class='ocr_line' id='line_1_3' title="bbox 305 659 1468 753; baseline -0.001 -18"><span class='ocrx_word' id='word_1_14' title='bbox 305 669 545 753; x_wconf 77' lang='lat' dir='ltr'>inquisitionem</span> <span class='ocrx_word' id='word_1_15' title='bbox 564 663 657 752; x_wconf 69' lang='grc' dir='ltr'>ίπερὶ</span> <span class='ocrx_word' id='word_1_16' title='bbox 684 659 870 752; x_wconf 79' lang='grc' dir='ltr'><strong><em>μετεώρων’</em></strong></span> <span class='ocrx_word' id='word_1_17' title='bbox 903 668 948 734; x_wconf 89' lang='lat' dir='ltr'>ad</span> <span class='ocrx_word' id='word_1_18' title='bbox 976 689 1075 753; x_wconf 92' lang='lat' dir='ltr'>quam</span> <span class='ocrx_word' id='word_1_19' title='bbox 1103 676 1260 752; x_wconf 89' lang='lat' dir='ltr'>provocat</span> <span class='ocrx_word' id='word_1_20' title='bbox 1280 669 1468 736; x_wconf 75' lang='lat' dir='ltr'>Priscianus</span> 
     </span>
     <span class='ocr_line' id='line_1_4' title="bbox 304 761 1470 855; baseline 0 -19"><span class='ocrx_word' id='word_1_21' title='bbox 304 771 416 855; x_wconf 83' lang='lat' dir='ltr'>Lydus</span> <span class='ocrx_word' id='word_1_22' title='bbox 438 773 471 836; x_wconf 92' lang='lat' dir='ltr'>in</span> <span class='ocrx_word' id='word_1_23' title='bbox 493 776 660 837; x_wconf 90' lang='lat' dir='ltr'>auctorum</span> <span class='ocrx_word' id='word_1_24' title='bbox 681 763 1093 838; x_wconf 87' lang='lat' dir='ltr'>laterculo‘Solutionibus</span> <span class='ocrx_word' id='word_1_25' title='bbox 1108 769 1152 835; x_wconf 91' lang='lat' dir='ltr'>ad</span> <span class='ocrx_word' id='word_1_26' title='bbox 1167 761 1346 836; x_wconf 84' lang='lat' dir='ltr'>Chosroen&#39;</span> <span class='ocrx_word' id='word_1_27' title='bbox 1373 790 1470 852; x_wconf 91' lang='lat' dir='ltr'>prae·</span> 
     </span>
     <span class='ocr_line' id='line_1_5' title="bbox 304 863 1469 958; baseline -0.002 -20"><span class='ocrx_word' id='word_1_28' title='bbox 304 874 403 940; x_wconf 91' lang='lat' dir='ltr'>misso</span> <span class='ocrx_word' id='word_1_29' title='bbox 425 875 581 955; x_wconf 80' lang='lat' dir='ltr'>p.42,11</span> <span class='ocrx_word' id='word_1_30' title='bbox 608 873 717 956; x_wconf 83' lang='lat' dir='ltr'>Byw.:</span> <span class='ocrx_word' id='word_1_31' title='bbox 739 874 801 951; x_wconf 92' lang='lat' dir='ltr'>[usi</span> <span class='ocrx_word' id='word_1_32' title='bbox 823 868 944 958; x_wconf 87' lang='lat' dir='ltr'>sumus]</span> <span class='ocrx_word' id='word_1_33' title='bbox 964 865 1017 939; x_wconf 87' lang='lat' dir='ltr'>‘et</span> <span class='ocrx_word' id='word_1_34' title='bbox 1035 868 1227 954; x_wconf 81' lang='grc' dir='ltr'><strong><em>Μετεώρων</em></strong></span> <span class='ocrx_word' id='word_1_35' title='bbox 1242 863 1412 938; x_wconf 85' lang='lat' dir='ltr'>Arrhiani’</span> <span class='ocrx_word' id='word_1_36' title='bbox 1430 873 1469 954; x_wconf 76' lang='grc'>1);</span> 
     </span>
    </p>
   </div>
   <div class='ocr_carea' id='block_1_3' title="bbox 300 972 1473 4046">
    <p class='ocr_par' dir='ltr' id='par_1_3' title="bbox 302 972 1473 3504">
     <span class='ocr_line' id='line_1_6' title="bbox 302 972 1469 1058; baseline -0.003 -16"><span class='ocrx_word' id='word_1_37' title='bbox 302 977 395 1042; x_wconf 87' lang='lat' dir='ltr'>euius</span> <span class='ocrx_word' id='word_1_38' title='bbox 425 974 565 1058; x_wconf 92' lang='lat' dir='ltr'>primum</span> <span class='ocrx_word' id='word_1_39' title='bbox 592 975 709 1040; x_wconf 93' lang='lat' dir='ltr'>librum</span> <span class='ocrx_word' id='word_1_40' title='bbox 738 975 817 1041; x_wconf 87' lang='lat' dir='ltr'>citat</span> <span class='ocrx_word' id='word_1_41' title='bbox 838 972 1039 1057; x_wconf 91' lang='lat' dir='ltr'>Philoponus</span> <span class='ocrx_word' id='word_1_42' title='bbox 1067 975 1101 1039; x_wconf 94' lang='lat' dir='ltr'>in</span> <span class='ocrx_word' id='word_1_43' title='bbox 1130 995 1244 1041; x_wconf 92' lang='lat' dir='ltr'>comm.</span> <span class='ocrx_word' id='word_1_44' title='bbox 1267 973 1311 1040; x_wconf 89' lang='lat' dir='ltr'>ad</span> <span class='ocrx_word' id='word_1_45' title='bbox 1332 975 1469 1040; x_wconf 88' lang='lat' dir='ltr'>Aristot.</span> 
     </span>
     <span class='ocr_line' id='line_1_7' title="bbox 302 1067 1468 1161; baseline -0.001 -19"><span class='ocrx_word' id='word_1_46' title='bbox 302 1067 464 1143; x_wconf 76' lang='lat' dir='ltr'>‘Meteon&#39;</span> <span class='ocrx_word' id='word_1_47' title='bbox 489 1076 511 1141; x_wconf 90' lang='lat' dir='ltr'>l.</span> <span class='ocrx_word' id='word_1_48' title='bbox 527 1076 566 1140; x_wconf 87' lang='lat' dir='ltr'>i.:</span> <span class='ocrx_word' id='word_1_49' title='bbox 588 1075 675 1142; x_wconf 89' lang='lat' dir='ltr'>unde</span> <span class='ocrx_word' id='word_1_50' title='bbox 697 1078 822 1160; x_wconf 82' lang='lat' dir='ltr'>cogitur</span> <span class='ocrx_word' id='word_1_51' title='bbox 836 1074 990 1141; x_wconf 84' lang='lat' dir='ltr'>Arrhiuni</span> <span class='ocrx_word' id='word_1_52' title='bbox 1012 1077 1203 1161; x_wconf 86' lang='lat' dir='ltr'>scripturam</span> <span class='ocrx_word' id='word_1_53' title='bbox 1230 1094 1271 1141; x_wconf 84' lang='lat' dir='ltr'>ex</span> <span class='ocrx_word' id='word_1_54' title='bbox 1293 1075 1468 1158; x_wconf 89' lang='lat' dir='ltr'>compluri-</span> 
     </span>
     <span class='ocr_line' id='line_1_8' title="bbox 305 1175 1468 1260; baseline -0.001 -17"><span class='ocrx_word' id='word_1_55' title='bbox 305 1179 366 1244; x_wconf 89' lang='lat' dir='ltr'>bus</span> <span class='ocrx_word' id='word_1_56' title='bbox 395 1178 486 1243; x_wconf 91' lang='lat' dir='ltr'>libris</span> <span class='ocrx_word' id='word_1_57' title='bbox 516 1179 706 1245; x_wconf 88' lang='lat' dir='ltr'>constitisse.</span> <span class='ocrx_word' id='word_1_58' title='bbox 753 1178 942 1260; x_wconf 90' lang='lat' dir='ltr'>Disputavit</span> <span class='ocrx_word' id='word_1_59' title='bbox 962 1185 1071 1244; x_wconf 91' lang='lat' dir='ltr'>autem</span> <span class='ocrx_word' id='word_1_60' title='bbox 1093 1183 1175 1244; x_wconf 90' lang='lat' dir='ltr'>teste</span> <span class='ocrx_word' id='word_1_61' title='bbox 1198 1175 1383 1260; x_wconf 90' lang='lat' dir='ltr'>Philopono</span> <span class='ocrx_word' id='word_1_62' title='bbox 1405 1178 1468 1242; x_wconf 89' lang='lat' dir='ltr'>Ar-</span> 
     </span>
     <span class='ocr_line' id='line_1_9' title="bbox 305 1278 1469 1363; baseline 0.002 -19"><span class='ocrx_word' id='word_1_63' title='bbox 305 1279 438 1345; x_wconf 86' lang='lat' dir='ltr'>rhianus</span> <span class='ocrx_word' id='word_1_64' title='bbox 466 1280 500 1344; x_wconf 93' lang='lat' dir='ltr'>in</span> <span class='ocrx_word' id='word_1_65' title='bbox 525 1279 640 1344; x_wconf 91' lang='lat' dir='ltr'>libroI</span> <span class='ocrx_word' id='word_1_66' title='bbox 662 1279 705 1346; x_wconf 90' lang='lat' dir='ltr'>de</span> <span class='ocrx_word' id='word_1_67' title='bbox 727 1287 833 1346; x_wconf 89' lang='lat' dir='ltr'>terrae</span> <span class='ocrx_word' id='word_1_68' title='bbox 856 1279 1001 1345; x_wconf 90' lang='lat' dir='ltr'>circuitu.</span> <span class='ocrx_word' id='word_1_69' title='bbox 1046 1279 1164 1363; x_wconf 89' lang='lat' dir='ltr'>Stupes</span> <span class='ocrx_word' id='word_1_70' title='bbox 1187 1278 1266 1362; x_wconf 91' lang='lat' dir='ltr'>qnid</span> <span class='ocrx_word' id='word_1_71' title='bbox 1287 1280 1345 1344; x_wconf 87' lang='lat' dir='ltr'>illa</span> <span class='ocrx_word' id='word_1_72' title='bbox 1368 1299 1469 1362; x_wconf 86' lang='lat' dir='ltr'>quae·</span> 
     </span>
     <span class='ocr_line' id='line_1_10' title="bbox 304 1381 1472 1466; baseline -0.002 -18"><span class='ocrx_word' id='word_1_73' title='bbox 304 1383 367 1448; x_wconf 84' lang='lat' dir='ltr'>etio</span> <span class='ocrx_word' id='word_1_74' title='bbox 396 1382 430 1446; x_wconf 92' lang='lat' dir='ltr'>in</span> <span class='ocrx_word' id='word_1_75' title='bbox 459 1387 626 1446; x_wconf 90' lang='lat' dir='ltr'>meteoron</span> <span class='ocrx_word' id='word_1_76' title='bbox 656 1383 847 1448; x_wconf 75' lang='lat' dir='ltr'>mactatione</span> <span class='ocrx_word' id='word_1_77' title='bbox 875 1382 938 1447; x_wconf 92' lang='lat' dir='ltr'>sibi</span> <span class='ocrx_word' id='word_1_78' title='bbox 963 1383 1052 1448; x_wconf 83' lang='lat' dir='ltr'>velit</span> <span class='ocrx_word' id='word_1_79' title='bbox 1097 1382 1162 1448; x_wconf 87' lang='lat' dir='ltr'>Res</span> <span class='ocrx_word' id='word_1_80' title='bbox 1184 1381 1338 1446; x_wconf 80' lang='lat' dir='ltr'>facillime</span> <span class='ocrx_word' id='word_1_81' title='bbox 1362 1382 1472 1466; x_wconf 83' lang='lat' dir='ltr'>expli·</span> 
     </span>
     <span class='ocr_line' id='line_1_11' title="bbox 304 1482 1471 1568; baseline -0.003 -17"><span class='ocrx_word' id='word_1_82' title='bbox 304 1485 372 1551; x_wconf 86' lang='lat' dir='ltr'>cari</span> <span class='ocrx_word' id='word_1_83' title='bbox 393 1489 516 1568; x_wconf 90' lang='lat' dir='ltr'>potest,</span> <span class='ocrx_word' id='word_1_84' title='bbox 538 1482 635 1549; x_wconf 93' lang='lat' dir='ltr'>modo</span> <span class='ocrx_word' id='word_1_85' title='bbox 658 1483 853 1548; x_wconf 85' lang='lat' dir='ltr'>Arrhianum</span> <span class='ocrx_word' id='word_1_86' title='bbox 874 1483 916 1548; x_wconf 94' lang='lat' dir='ltr'>de</span> <span class='ocrx_word' id='word_1_87' title='bbox 937 1484 1127 1550; x_wconf 87' lang='lat' dir='ltr'>caelestium</span> <span class='ocrx_word' id='word_1_88' title='bbox 1149 1483 1296 1548; x_wconf 89' lang='lat' dir='ltr'>doctrina</span> <span class='ocrx_word' id='word_1_89' title='bbox 1317 1484 1471 1550; x_wconf 87' lang='lat' dir='ltr'>similiter</span> 
     </span>
     <span class='ocr_line' id='line_1_12' title="bbox 306 1585 1470 1670; baseline -0.001 -18"><span class='ocrx_word' id='word_1_90' title='bbox 306 1592 404 1670; x_wconf 89' lang='lat' dir='ltr'>atque</span> <span class='ocrx_word' id='word_1_91' title='bbox 420 1585 629 1651; x_wconf 89' lang='lat' dir='ltr'>Posidonium</span> <span class='ocrx_word' id='word_1_92' title='bbox 651 1586 813 1652; x_wconf 84' lang='lat' dir='ltr'>iudicasse</span> <span class='ocrx_word' id='word_1_93' title='bbox 835 1604 1034 1652; x_wconf 88' lang='lat' dir='ltr'>censeamus.</span> <span class='ocrx_word' id='word_1_94' title='bbox 1068 1585 1131 1651; x_wconf 91' lang='lat' dir='ltr'>Hic</span> <span class='ocrx_word' id='word_1_95' title='bbox 1153 1585 1239 1650; x_wconf 92' lang='lat' dir='ltr'>enim</span> <span class='ocrx_word' id='word_1_96' title='bbox 1261 1585 1349 1668; x_wconf 90' lang='lat' dir='ltr'>apud</span> <span class='ocrx_word' id='word_1_97' title='bbox 1365 1585 1470 1652; x_wconf 86' lang='lat' dir='ltr'>Sene·</span> 
     </span>
     <span class='ocr_line' id='line_1_13' title="bbox 306 1679 1470 1772; baseline -0.002 -18"><span class='ocrx_word' id='word_1_98' title='bbox 306 1708 378 1754; x_wconf 88' lang='lat' dir='ltr'>cam</span> <span class='ocrx_word' id='word_1_99' title='bbox 399 1684 453 1764; x_wconf 86' lang='lat' dir='ltr'>(cf.</span> <span class='ocrx_word' id='word_1_100' title='bbox 466 1679 553 1752; x_wconf 84' lang='lat' dir='ltr'>‘Nat</span> <span class='ocrx_word' id='word_1_101' title='bbox 571 1682 642 1764; x_wconf 69' lang='lat' dir='ltr'>Qu?</span> <span class='ocrx_word' id='word_1_102' title='bbox 666 1688 688 1754; x_wconf 92' lang='lat'>1.</span> <span class='ocrx_word' id='word_1_103' title='bbox 710 1688 798 1753; x_wconf 92' lang='lat' dir='ltr'>II.1.</span> <span class='ocrx_word' id='word_1_104' title='bbox 818 1689 964 1772; x_wconf 81' lang='lat' dir='ltr'>lsqq.)²)</span> <span class='ocrx_word' id='word_1_105' title='bbox 986 1691 1158 1769; x_wconf 84' lang='lat' dir='ltr'>postquam</span> <span class='ocrx_word' id='word_1_106' title='bbox 1180 1706 1309 1752; x_wconf 92' lang='lat' dir='ltr'>omnem</span> <span class='ocrx_word' id='word_1_107' title='bbox 1330 1686 1373 1752; x_wconf 94' lang='lat' dir='ltr'>de</span> <span class='ocrx_word' id='word_1_108' title='bbox 1395 1689 1470 1752; x_wconf 88' lang='lat' dir='ltr'>uni·</span> 
     </span>
     <span class='ocr_line' id='line_1_14' title="bbox 305 1788 1470 1874; baseline -0.001 -19"><span class='ocrx_word' id='word_1_109' title='bbox 305 1809 399 1856; x_wconf 90' lang='lat' dir='ltr'>verso</span> <span class='ocrx_word' id='word_1_110' title='bbox 423 1790 645 1872; x_wconf 89' lang='lat' dir='ltr'>quaestionem</span> <span class='ocrx_word' id='word_1_111' title='bbox 668 1791 702 1854; x_wconf 95' lang='lat' dir='ltr'>in</span> <span class='ocrx_word' id='word_1_112' title='bbox 724 1791 888 1874; x_wconf 87' lang='lat' dir='ltr'>caelestia,</span> <span class='ocrx_word' id='word_1_113' title='bbox 911 1790 1071 1870; x_wconf 84' lang='lat' dir='ltr'>sublimia,</span> <span class='ocrx_word' id='word_1_114' title='bbox 1094 1794 1221 1854; x_wconf 86' lang='lat' dir='ltr'>terrena</span> <span class='ocrx_word' id='word_1_115' title='bbox 1243 1788 1470 1871; x_wconf 85' lang='lat' dir='ltr'>dividendam,</span> 
     </span>
     <span class='ocr_line' id='line_1_15' title="bbox 306 1890 1470 1975; baseline 0 -19"><span class='ocrx_word' id='word_1_116' title='bbox 306 1893 389 1956; x_wconf 92' lang='lat' dir='ltr'>inter</span> <span class='ocrx_word' id='word_1_117' title='bbox 411 1891 563 1957; x_wconf 89' lang='lat' dir='ltr'>sublimia</span> <span class='ocrx_word' id='word_1_118' title='bbox 584 1897 693 1957; x_wconf 83' lang='lat' dir='ltr'>autem</span> <span class='ocrx_word' id='word_1_119' title='bbox 716 1891 878 1975; x_wconf 84' lang='lat' dir='ltr'>quaedam</span> <span class='ocrx_word' id='word_1_120' title='bbox 900 1898 1028 1958; x_wconf 90' lang='lat' dir='ltr'>terrena</span> <span class='ocrx_word' id='word_1_121' title='bbox 1050 1890 1218 1958; x_wconf 84' lang='lat' dir='ltr'>tractanda</span> <span class='ocrx_word' id='word_1_122' title='bbox 1238 1909 1310 1957; x_wconf 88' lang='lat' dir='ltr'>esse</span> <span class='ocrx_word' id='word_1_123' title='bbox 1325 1911 1470 1974; x_wconf 91' lang='lat' dir='ltr'>pronun-</span> 
     </span>
     <span class='ocr_line' id='line_1_16' title="bbox 305 1987 1473 2077; baseline 0 -19"><span class='ocrx_word' id='word_1_124' title='bbox 305 1992 409 2073; x_wconf 81' lang='lat' dir='ltr'>tinnit,</span> <span class='ocrx_word' id='word_1_125' title='bbox 433 1991 515 2058; x_wconf 86' lang='lat' dir='ltr'>haec</span> <span class='ocrx_word' id='word_1_126' title='bbox 537 1993 584 2058; x_wconf 89' lang='lat' dir='ltr'>ait</span> <span class='ocrx_word' id='word_1_127' title='bbox 598 1994 649 2070; x_wconf 58' lang='grc' dir='ltr'>(ἕξ</span> <span class='ocrx_word' id='word_1_128' title='bbox 664 1990 745 2077; x_wconf 72' lang='lat' dir='ltr'>4l5):</span> <span class='ocrx_word' id='word_1_129' title='bbox 765 1987 892 2060; x_wconf 84' lang='lat' dir='ltr'>‘dicam</span> <span class='ocrx_word' id='word_1_130' title='bbox 916 1993 1004 2076; x_wconf 91' lang='lat' dir='ltr'>quod</span> <span class='ocrx_word' id='word_1_131' title='bbox 1025 1993 1129 2076; x_wconf 81' lang='lat' dir='ltr'>magis</span> <span class='ocrx_word' id='word_1_132' title='bbox 1152 1993 1268 2058; x_wconf 90' lang='lat' dir='ltr'>mirum</span> <span class='ocrx_word' id='word_1_133' title='bbox 1287 1992 1473 2058; x_wconf 90' lang='lat' dir='ltr'>videbitur:</span> 
     </span>
     <span class='ocr_line' id='line_1_17' title="bbox 303 2093 1471 2178; baseline 0 -19"><span class='ocrx_word' id='word_1_134' title='bbox 303 2094 388 2159; x_wconf 91' lang='lat' dir='ltr'>inter</span> <span class='ocrx_word' id='word_1_135' title='bbox 421 2094 576 2160; x_wconf 90' lang='lat' dir='ltr'>caelestia</span> <span class='ocrx_word' id='word_1_136' title='bbox 609 2101 642 2160; x_wconf 87' lang='lat' dir='ltr'>et</span> <span class='ocrx_word' id='word_1_137' title='bbox 675 2095 716 2162; x_wconf 88' lang='lat' dir='ltr'>de</span> <span class='ocrx_word' id='word_1_138' title='bbox 751 2102 837 2161; x_wconf 90' lang='lat' dir='ltr'>terra</span> <span class='ocrx_word' id='word_1_139' title='bbox 865 2095 1039 2162; x_wconf 89' lang='lat' dir='ltr'>dicendum</span> <span class='ocrx_word' id='word_1_140' title='bbox 1067 2095 1137 2161; x_wconf 92' lang='lat' dir='ltr'>erit</span> <span class='ocrx_word' id='word_1_141' title='bbox 1188 2093 1321 2172; x_wconf 79' lang='lat' dir='ltr'>Quare?</span> <span class='ocrx_word' id='word_1_142' title='bbox 1348 2095 1471 2178; x_wconf 86' lang='lat' dir='ltr'>inquis.</span> 
     </span>
     <span class='ocr_line' id='line_1_18' title="bbox 305 2194 1472 2281; baseline 0.002 -21"><span class='ocrx_word' id='word_1_143' title='bbox 305 2194 391 2274; x_wconf 81' lang='lat' dir='ltr'>Quia</span> <span class='ocrx_word' id='word_1_144' title='bbox 413 2214 485 2262; x_wconf 87' lang='lat' dir='ltr'>oum</span> <span class='ocrx_word' id='word_1_145' title='bbox 507 2197 640 2279; x_wconf 89' lang='lat' dir='ltr'>propria</span> <span class='ocrx_word' id='word_1_146' title='bbox 662 2204 766 2264; x_wconf 88' lang='lat' dir='ltr'>terrae</span> <span class='ocrx_word' id='word_1_147' title='bbox 786 2199 888 2281; x_wconf 89' lang='lat' dir='ltr'>ipsius</span> <span class='ocrx_word' id='word_1_148' title='bbox 904 2199 1084 2264; x_wconf 78' lang='lat' dir='ltr'>excutimus</span> <span class='ocrx_word' id='word_1_149' title='bbox 1099 2217 1157 2264; x_wconf 90' lang='lat' dir='ltr'>suo</span> <span class='ocrx_word' id='word_1_150' title='bbox 1172 2197 1255 2280; x_wconf 91' lang='lat' dir='ltr'>loco,</span> <span class='ocrx_word' id='word_1_151' title='bbox 1278 2203 1384 2262; x_wconf 91' lang='lat' dir='ltr'>utrum</span> <span class='ocrx_word' id='word_1_152' title='bbox 1400 2198 1472 2262; x_wconf 90' lang='lat' dir='ltr'>lata</span> 
     </span>
     <span class='ocr_line' id='line_1_19' title="bbox 304 2298 1471 2382; baseline 0 -18"><span class='ocrx_word' id='word_1_153' title='bbox 304 2299 347 2364; x_wconf 93' lang='lat' dir='ltr'>sit</span> <span class='ocrx_word' id='word_1_154' title='bbox 368 2303 402 2364; x_wconf 90' lang='lat' dir='ltr'>et</span> <span class='ocrx_word' id='word_1_155' title='bbox 422 2298 603 2380; x_wconf 88' lang='lat' dir='ltr'>inaequalis</span> <span class='ocrx_word' id='word_1_156' title='bbox 627 2305 659 2365; x_wconf 90' lang='lat' dir='ltr'>et</span> <span class='ocrx_word' id='word_1_157' title='bbox 682 2301 857 2365; x_wconf 82' lang='lat' dir='ltr'>enormiter</span> <span class='ocrx_word' id='word_1_158' title='bbox 877 2300 1023 2382; x_wconf 86' lang='lat' dir='ltr'>proiecta</span> <span class='ocrx_word' id='word_1_159' title='bbox 1037 2319 1079 2364; x_wconf 88' lang='lat' dir='ltr'>an</span> <span class='ocrx_word' id='word_1_160' title='bbox 1095 2305 1163 2364; x_wconf 88' lang='lat' dir='ltr'>tota</span> <span class='ocrx_word' id='word_1_161' title='bbox 1178 2299 1211 2363; x_wconf 94' lang='lat' dir='ltr'>in</span> <span class='ocrx_word' id='word_1_162' title='bbox 1226 2299 1363 2364; x_wconf 85' lang='lat' dir='ltr'>formam</span> <span class='ocrx_word' id='word_1_163' title='bbox 1378 2299 1471 2381; x_wconf 86' lang='lat' dir='ltr'>pilae</span> 
     </span>
     <span class='ocr_line' id='line_1_20' title="bbox 304 2400 1470 2486; baseline 0.001 -21"><span class='ocrx_word' id='word_1_164' title='bbox 304 2405 429 2483; x_wconf 88' lang='lat' dir='ltr'>spectet</span> <span class='ocrx_word' id='word_1_165' title='bbox 451 2406 483 2465; x_wconf 96' lang='lat' dir='ltr'>et</span> <span class='ocrx_word' id='word_1_166' title='bbox 505 2402 538 2464; x_wconf 94' lang='lat' dir='ltr'>in</span> <span class='ocrx_word' id='word_1_167' title='bbox 561 2400 672 2466; x_wconf 92' lang='lat' dir='ltr'>orbem</span> <span class='ocrx_word' id='word_1_168' title='bbox 694 2408 803 2486; x_wconf 87' lang='lat' dir='ltr'>partes</span> <span class='ocrx_word' id='word_1_169' title='bbox 825 2421 900 2467; x_wconf 88' lang='lat' dir='ltr'>suas</span> <span class='ocrx_word' id='word_1_170' title='bbox 923 2407 1027 2482; x_wconf 87' lang='lat' dir='ltr'>cogat,</span> <span class='ocrx_word' id='word_1_171' title='bbox 1051 2400 1176 2483; x_wconf 84' lang='lat' dir='ltr'>adliget</span> <span class='ocrx_word' id='word_1_172' title='bbox 1197 2420 1299 2484; x_wconf 89' lang='lat' dir='ltr'>aquas</span> <span class='ocrx_word' id='word_1_173' title='bbox 1314 2421 1356 2465; x_wconf 86' lang='lat' dir='ltr'>an</span> <span class='ocrx_word' id='word_1_174' title='bbox 1370 2401 1470 2483; x_wconf 88' lang='lat' dir='ltr'>aquis</span> 
     </span>
     <span class='ocr_line' id='line_1_21' title="bbox 304 2501 1471 2586; baseline 0.002 -20"><span class='ocrx_word' id='word_1_175' title='bbox 304 2501 482 2584; x_wconf 74' lang='lat' dir='ltr'>affligetur,</span> <span class='ocrx_word' id='word_1_176' title='bbox 505 2502 578 2584; x_wconf 86' lang='lat' dir='ltr'>ipsa</span> <span class='ocrx_word' id='word_1_177' title='bbox 599 2503 721 2568; x_wconf 88' lang='lat' dir='ltr'>animal</span> <span class='ocrx_word' id='word_1_178' title='bbox 743 2504 849 2569; x_wconf 87' lang='lat' dir='ltr'>sitan</span> <span class='ocrx_word' id='word_1_179' title='bbox 872 2521 988 2586; x_wconf 92' lang='lat' dir='ltr'>corpus</span> <span class='ocrx_word' id='word_1_180' title='bbox 1010 2503 1096 2568; x_wconf 89' lang='lat' dir='ltr'>iners</span> <span class='ocrx_word' id='word_1_181' title='bbox 1118 2509 1151 2567; x_wconf 89' lang='lat' dir='ltr'>et</span> <span class='ocrx_word' id='word_1_182' title='bbox 1173 2503 1244 2568; x_wconf 90' lang='lat' dir='ltr'>sine</span> <span class='ocrx_word' id='word_1_183' title='bbox 1267 2521 1374 2584; x_wconf 87' lang='lat' dir='ltr'>sensu,</span> <span class='ocrx_word' id='word_1_184' title='bbox 1395 2503 1471 2586; x_wconf 92' lang='lat' dir='ltr'>ple·</span> 
     </span>
     <span class='ocr_line' id='line_1_22' title="bbox 303 2602 1470 2688; baseline 0.003 -21"><span class='ocrx_word' id='word_1_185' title='bbox 303 2623 380 2668; x_wconf 92' lang='lat' dir='ltr'>num</span> <span class='ocrx_word' id='word_1_186' title='bbox 402 2602 534 2686; x_wconf 91' lang='lat' dir='ltr'>quidem</span> <span class='ocrx_word' id='word_1_187' title='bbox 557 2604 704 2687; x_wconf 89' lang='lat' dir='ltr'>spiritus,</span> <span class='ocrx_word' id='word_1_188' title='bbox 734 2603 793 2670; x_wconf 91' lang='lat' dir='ltr'>sed</span> <span class='ocrx_word' id='word_1_189' title='bbox 814 2604 930 2685; x_wconf 88' lang='lat' dir='ltr'>alieni,</span> <span class='ocrx_word' id='word_1_190' title='bbox 954 2609 987 2669; x_wconf 93' lang='lat' dir='ltr'>et</span> <span class='ocrx_word' id='word_1_191' title='bbox 1009 2610 1117 2670; x_wconf 87' lang='lat' dir='ltr'>cetera</span> <span class='ocrx_word' id='word_1_192' title='bbox 1140 2603 1235 2669; x_wconf 91' lang='lat' dir='ltr'>huius</span> <span class='ocrx_word' id='word_1_193' title='bbox 1257 2604 1363 2687; x_wconf 90' lang='lat' dir='ltr'>modi,</span> <span class='ocrx_word' id='word_1_194' title='bbox 1385 2623 1470 2688; x_wconf 93' lang='lat' dir='ltr'>quo·</span> 
     </span>
     <span class='ocr_line' id='line_1_23' title="bbox 306 2705 1469 2788; baseline 0.004 -20"><span class='ocrx_word' id='word_1_195' title='bbox 306 2705 390 2770; x_wconf 88' lang='lat' dir='ltr'>tiens</span> <span class='ocrx_word' id='word_1_196' title='bbox 412 2705 446 2769; x_wconf 92' lang='lat' dir='ltr'>in</span> <span class='ocrx_word' id='word_1_197' title='bbox 467 2723 580 2770; x_wconf 89' lang='lat' dir='ltr'>manus</span> <span class='ocrx_word' id='word_1_198' title='bbox 603 2706 768 2788; x_wconf 86' lang='lat' dir='ltr'>venerint,</span> <span class='ocrx_word' id='word_1_199' title='bbox 791 2711 910 2770; x_wconf 88' lang='lat' dir='ltr'>terram</span> <span class='ocrx_word' id='word_1_200' title='bbox 933 2711 1083 2771; x_wconf 88' lang='lat' dir='ltr'>secuntur</span> <span class='ocrx_word' id='word_1_201' title='bbox 1105 2712 1138 2771; x_wconf 88' lang='lat' dir='ltr'>ct</span> <span class='ocrx_word' id='word_1_202' title='bbox 1159 2707 1194 2770; x_wconf 93' lang='lat' dir='ltr'>in</span> <span class='ocrx_word' id='word_1_203' title='bbox 1215 2705 1290 2772; x_wconf 90' lang='lat' dir='ltr'>imis</span> <span class='ocrx_word' id='word_1_204' title='bbox 1312 2708 1469 2773; x_wconf 85' lang='lat' dir='ltr'>conloca-</span> 
     </span>
     <span class='ocr_line' id='line_1_24' title="bbox 303 2806 1470 2892; baseline 0.002 -22"><span class='ocrx_word' id='word_1_205' title='bbox 303 2806 436 2872; x_wconf 88' lang='lat' dir='ltr'>buntur:</span> <span class='ocrx_word' id='word_1_206' title='bbox 459 2813 493 2871; x_wconf 88' lang='lat' dir='ltr'>at</span> <span class='ocrx_word' id='word_1_207' title='bbox 515 2807 571 2872; x_wconf 92' lang='lat' dir='ltr'>ubi</span> <span class='ocrx_word' id='word_1_208' title='bbox 594 2814 766 2890; x_wconf 87' lang='lat' dir='ltr'>quaeretur</span> <span class='ocrx_word' id='word_1_209' title='bbox 788 2808 861 2890; x_wconf 90' lang='lat' dir='ltr'>quis</span> <span class='ocrx_word' id='word_1_210' title='bbox 876 2813 981 2873; x_wconf 88' lang='lat' dir='ltr'>terrae</span> <span class='ocrx_word' id='word_1_211' title='bbox 996 2808 1077 2874; x_wconf 89' lang='lat' dir='ltr'>situs</span> <span class='ocrx_word' id='word_1_212' title='bbox 1092 2810 1143 2891; x_wconf 93' lang='lat' dir='ltr'>sit,</span> <span class='ocrx_word' id='word_1_213' title='bbox 1167 2828 1232 2891; x_wconf 90' lang='lat' dir='ltr'>qua</span> <span class='ocrx_word' id='word_1_214' title='bbox 1246 2813 1339 2892; x_wconf 88' lang='lat' dir='ltr'>parte</span> <span class='ocrx_word' id='word_1_215' title='bbox 1353 2808 1470 2874; x_wconf 91' lang='lat' dir='ltr'>mnndi</span> 
     </span>
     <span class='ocr_line' id='line_1_25' title="bbox 305 2907 1468 2993; baseline 0.002 -19"><span class='ocrx_word' id='word_1_216' title='bbox 305 2907 502 2991; x_wconf 76' lang='lat' dir='ltr'>consederit,</span> <span class='ocrx_word' id='word_1_217' title='bbox 533 2928 597 2990; x_wconf 92' lang='lat' dir='ltr'>quo</span> <span class='ocrx_word' id='word_1_218' title='bbox 627 2910 723 2975; x_wconf 92' lang='lat' dir='ltr'>modo</span> <span class='ocrx_word' id='word_1_219' title='bbox 754 2909 912 2975; x_wconf 86' lang='lat' dir='ltr'>adversus</span> <span class='ocrx_word' id='word_1_220' title='bbox 939 2911 1048 2976; x_wconf 88' lang='lat' dir='ltr'>sidera</span> <span class='ocrx_word' id='word_1_221' title='bbox 1071 2911 1261 2993; x_wconf 86' lang='lat' dir='ltr'>caelumque</span> <span class='ocrx_word' id='word_1_222' title='bbox 1283 2910 1392 2993; x_wconf 88' lang='lat' dir='ltr'>posita</span> <span class='ocrx_word' id='word_1_223' title='bbox 1412 2911 1468 2992; x_wconf 89' lang='lat' dir='ltr'>sit,</span> 
     </span>
     <span class='ocr_line' id='line_1_26' title="bbox 304 3009 1469 3094; baseline 0.001 -19"><span class='ocrx_word' id='word_1_224' title='bbox 304 3009 386 3076; x_wconf 89' lang='lat' dir='ltr'>haec</span> <span class='ocrx_word' id='word_1_225' title='bbox 414 3011 560 3093; x_wconf 90' lang='lat' dir='ltr'>quaestio</span> <span class='ocrx_word' id='word_1_226' title='bbox 584 3010 679 3076; x_wconf 90' lang='lat' dir='ltr'>cedet</span> <span class='ocrx_word' id='word_1_227' title='bbox 701 3012 920 3094; x_wconf 89' lang='lat' dir='ltr'>superioribus</span> <span class='ocrx_word' id='word_1_228' title='bbox 944 3019 992 3094; x_wconf 88' lang='lat' dir='ltr'>et,</span> <span class='ocrx_word' id='word_1_229' title='bbox 1022 3019 1057 3078; x_wconf 90' lang='lat' dir='ltr'>ut</span> <span class='ocrx_word' id='word_1_230' title='bbox 1079 3013 1126 3078; x_wconf 87' lang='lat' dir='ltr'>ita</span> <span class='ocrx_word' id='word_1_231' title='bbox 1146 3011 1269 3092; x_wconf 90' lang='lat' dir='ltr'>dicam,</span> <span class='ocrx_word' id='word_1_232' title='bbox 1297 3013 1469 3080; x_wconf 89' lang='lat' dir='ltr'>meliorem</span> 
     </span>
     <span class='ocr_line' id='line_1_27' title="bbox 304 3103 1469 3197; baseline 0.003 -20"><span class='ocrx_word' id='word_1_233' title='bbox 304 3111 528 3178; x_wconf 90' lang='lat' dir='ltr'>condicionem</span> <span class='ocrx_word' id='word_1_234' title='bbox 557 3103 726 3196; x_wconf 65' lang='lat' dir='ltr'>sequetur?</span> <span class='ocrx_word' id='word_1_235' title='bbox 774 3113 941 3180; x_wconf 92' lang='lat' dir='ltr'>Posidonii</span> <span class='ocrx_word' id='word_1_236' title='bbox 969 3115 1068 3197; x_wconf 85' lang='lat' dir='ltr'>igitur</span> <span class='ocrx_word' id='word_1_237' title='bbox 1095 3115 1252 3180; x_wconf 86' lang='lat' dir='ltr'>arbitratu</span> <span class='ocrx_word' id='word_1_238' title='bbox 1281 3114 1365 3180; x_wconf 90' lang='lat' dir='ltr'>inter</span> <span class='ocrx_word' id='word_1_239' title='bbox 1392 3134 1469 3180; x_wconf 90' lang='lat' dir='ltr'>cae-</span> 
     </span>
     <span class='ocr_line' id='line_1_28' title="bbox 302 3214 1469 3300; baseline 0.002 -22"><span class='ocrx_word' id='word_1_240' title='bbox 302 3215 398 3280; x_wconf 85' lang='lat' dir='ltr'>lestia</span> <span class='ocrx_word' id='word_1_241' title='bbox 427 3233 467 3278; x_wconf 89' lang='lat' dir='ltr'>ea</span> <span class='ocrx_word' id='word_1_242' title='bbox 494 3214 662 3280; x_wconf 86' lang='lat' dir='ltr'>tractanda</span> <span class='ocrx_word' id='word_1_243' title='bbox 684 3222 758 3280; x_wconf 91' lang='lat' dir='ltr'>sunt</span> <span class='ocrx_word' id='word_1_244' title='bbox 784 3234 868 3297; x_wconf 85' lang='lat' dir='ltr'>quae</span> <span class='ocrx_word' id='word_1_245' title='bbox 890 3214 1113 3300; x_wconf 84' lang='lat' dir='ltr'>adrationem</span> <span class='ocrx_word' id='word_1_246' title='bbox 1136 3235 1219 3298; x_wconf 87' lang='lat' dir='ltr'>quae</span> <span class='ocrx_word' id='word_1_247' title='bbox 1241 3217 1326 3281; x_wconf 89' lang='lat' dir='ltr'>inter</span> <span class='ocrx_word' id='word_1_248' title='bbox 1347 3222 1469 3282; x_wconf 87' lang='lat' dir='ltr'>terram</span> 
     </span>
     <span class='ocr_line' id='line_1_29' title="bbox 303 3315 1466 3408; baseline 0.003 -28"><span class='ocrx_word' id='word_1_249' title='bbox 303 3323 336 3381; x_wconf 91' lang='lat' dir='ltr'>et</span> <span class='ocrx_word' id='word_1_250' title='bbox 357 3315 466 3382; x_wconf 87' lang='lat' dir='ltr'>sidera</span> <span class='ocrx_word' id='word_1_251' title='bbox 487 3315 621 3382; x_wconf 88' lang='lat' dir='ltr'>interest</span> <span class='ocrx_word' id='word_1_252' title='bbox 640 3317 811 3399; x_wconf 88' lang='lat' dir='ltr'>pertinent.</span> <span class='ocrx_word' id='word_1_253' title='bbox 846 3315 1006 3394; x_wconf 83' lang='lat' dir='ltr'>Quocum</span> <span class='ocrx_word' id='word_1_254' title='bbox 1020 3318 1107 3383; x_wconf 86' lang='lat' dir='ltr'>aliae</span> <span class='ocrx_word' id='word_1_255' title='bbox 1122 3316 1244 3408; x_wconf 85' lang='lat' dir='ltr'>faciunt</span> <span class='ocrx_word' id='word_1_256' title='bbox 1259 3318 1466 3400; x_wconf 86' lang='lat' dir='ltr'>quaestiones</span> 
     </span>
     <span class='ocr_line' id='line_1_30' title="bbox 302 3419 1467 3504; baseline 0.003 -21"><span class='ocrx_word' id='word_1_257' title='bbox 302 3423 370 3483; x_wconf 90' lang='lat' dir='ltr'>tum</span> <span class='ocrx_word' id='word_1_258' title='bbox 393 3437 433 3482; x_wconf 87' lang='lat' dir='ltr'>ea</span> <span class='ocrx_word' id='word_1_259' title='bbox 455 3436 521 3499; x_wconf 83' lang='lat' dir='ltr'>qua</span> <span class='ocrx_word' id='word_1_260' title='bbox 543 3437 702 3500; x_wconf 89' lang='lat' dir='ltr'>quaenam</span> <span class='ocrx_word' id='word_1_261' title='bbox 723 3420 805 3484; x_wconf 87' lang='lat' dir='ltr'>ratio</span> <span class='ocrx_word' id='word_1_262' title='bbox 829 3419 911 3484; x_wconf 89' lang='lat' dir='ltr'>inter</span> <span class='ocrx_word' id='word_1_263' title='bbox 926 3426 1030 3486; x_wconf 89' lang='lat' dir='ltr'>terrac</span> <span class='ocrx_word' id='word_1_264' title='bbox 1045 3419 1303 3504; x_wconf 84' lang='lat' dir='ltr'>magnitudinem</span> <span class='ocrx_word' id='word_1_265' title='bbox 1318 3425 1350 3484; x_wconf 91' lang='lat' dir='ltr'>et</span> <span class='ocrx_word' id='word_1_266' title='bbox 1364 3425 1467 3486; x_wconf 87' lang='lat' dir='ltr'>astro·</span> 
     </span>
    </p>

    <p class='ocr_par' dir='ltr' id='par_1_4' title="bbox 300 3549 1470 4046">
     <span class='ocr_line' id='line_1_31' title="bbox 391 3549 1468 3622; baseline 0 -18"><span class='ocrx_word' id='word_1_267' title='bbox 391 3556 414 3617; x_wconf 88' lang='grc'>1)</span> <span class='ocrx_word' id='word_1_268' title='bbox 432 3549 527 3620; x_wconf 86' lang='lat' dir='ltr'>Neque</span> <span class='ocrx_word' id='word_1_269' title='bbox 549 3566 612 3606; x_wconf 87' lang='lat' dir='ltr'>vero</span> <span class='ocrx_word' id='word_1_270' title='bbox 636 3550 689 3605; x_wconf 88' lang='lat' dir='ltr'>isto</span> <span class='ocrx_word' id='word_1_271' title='bbox 711 3550 781 3605; x_wconf 86' lang='lat' dir='ltr'>libro</span> <span class='ocrx_word' id='word_1_272' title='bbox 805 3566 871 3606; x_wconf 89' lang='lat' dir='ltr'>usus</span> <span class='ocrx_word' id='word_1_273' title='bbox 894 3567 954 3606; x_wconf 85' lang='lat' dir='ltr'>esse</span> <span class='ocrx_word' id='word_1_274' title='bbox 976 3553 1086 3607; x_wconf 81' lang='lat' dir='ltr'>videtur</span> <span class='ocrx_word' id='word_1_275' title='bbox 1102 3551 1206 3622; x_wconf 82' lang='lat' dir='ltr'>Lydus.</span> <span class='ocrx_word' id='word_1_276' title='bbox 1242 3550 1367 3620; x_wconf 85' lang='lat' dir='ltr'>Namque</span> <span class='ocrx_word' id='word_1_277' title='bbox 1386 3566 1468 3618; x_wconf 87' lang='lat' dir='ltr'>quem</span> 
     </span>
     <span class='ocr_line' id='line_1_32' title="bbox 302 3630 1469 3704; baseline 0.002 -16"><span class='ocrx_word' id='word_1_278' title='bbox 302 3633 348 3688; x_wconf 91' lang='lat' dir='ltr'>hic</span> <span class='ocrx_word' id='word_1_279' title='bbox 364 3650 392 3704; x_wconf 92' lang='lat' dir='ltr'>p.</span> <span class='ocrx_word' id='word_1_280' title='bbox 405 3639 448 3703; x_wconf 86' lang='grc'>69,</span> <span class='ocrx_word' id='word_1_281' title='bbox 461 3639 492 3688; x_wconf 83' lang='grc'>31</span> <span class='ocrx_word' id='word_1_282' title='bbox 512 3635 586 3704; x_wconf 83' lang='lat' dir='ltr'>Byw.</span> <span class='ocrx_word' id='word_1_283' title='bbox 606 3636 726 3704; x_wconf 64' lang='lat' dir='ltr'>exegitm</span> <span class='ocrx_word' id='word_1_284' title='bbox 742 3636 922 3704; x_wconf 85' lang='lat' dir='ltr'>Arrbianum,</span> <span class='ocrx_word' id='word_1_285' title='bbox 945 3638 969 3692; x_wconf 88' lang='lat' dir='ltr'>is</span> <span class='ocrx_word' id='word_1_286' title='bbox 987 3643 1084 3692; x_wconf 88' lang='lat' dir='ltr'>auctor</span> <span class='ocrx_word' id='word_1_287' title='bbox 1102 3643 1143 3691; x_wconf 89' lang='lat' dir='ltr'>est</span> <span class='ocrx_word' id='word_1_288' title='bbox 1156 3630 1469 3703; x_wconf 77' lang='lat' dir='ltr'>‘circumnavigntionts</span> 
     </span>
     <span class='ocr_line' id='line_1_33' title="bbox 301 3713 1470 3792; baseline 0.002 -19"><span class='ocrx_word' id='word_1_289' title='bbox 301 3719 384 3773; x_wconf 88' lang='lat' dir='ltr'>maris</span> <span class='ocrx_word' id='word_1_290' title='bbox 403 3713 561 3789; x_wconf 79' lang='lat' dir='ltr'>Erytbraci&#39;</span> <span class='ocrx_word' id='word_1_291' title='bbox 579 3724 661 3790; x_wconf 89' lang='lat' dir='ltr'>atque</span> <span class='ocrx_word' id='word_1_292' title='bbox 679 3726 741 3790; x_wconf 86' lang='lat' dir='ltr'>post</span> <span class='ocrx_word' id='word_1_293' title='bbox 753 3719 892 3774; x_wconf 88' lang='lat' dir='ltr'>Posidonii</span> <span class='ocrx_word' id='word_1_294' title='bbox 909 3727 1033 3792; x_wconf 88' lang='lat' dir='ltr'>tempora</span> <span class='ocrx_word' id='word_1_295' title='bbox 1049 3722 1109 3790; x_wconf 91' lang='lat' dir='ltr'>ipse</span> <span class='ocrx_word' id='word_1_296' title='bbox 1127 3736 1235 3790; x_wconf 91' lang='lat' dir='ltr'>quoque</span> <span class='ocrx_word' id='word_1_297' title='bbox 1252 3721 1281 3774; x_wconf 86' lang='lat' dir='ltr'>iu</span> <span class='ocrx_word' id='word_1_298' title='bbox 1293 3722 1416 3790; x_wconf 78' lang='lat' dir='ltr'>Aegypto</span> <span class='ocrx_word' id='word_1_299' title='bbox 1437 3728 1470 3775; x_wconf 92' lang='lat' dir='ltr'>nt</span> 
     </span>
     <span class='ocr_line' id='line_1_34' title="bbox 301 3797 1470 3877; baseline 0.003 -20"><span class='ocrx_word' id='word_1_300' title='bbox 301 3803 408 3858; x_wconf 82' lang='lat' dir='ltr'>uidetur</span> <span class='ocrx_word' id='word_1_301' title='bbox 419 3807 537 3858; x_wconf 87' lang='lat' dir='ltr'>aetatem</span> <span class='ocrx_word' id='word_1_302' title='bbox 549 3804 629 3874; x_wconf 80' lang='lat' dir='ltr'>degit.</span> <span class='ocrx_word' id='word_1_303' title='bbox 656 3805 697 3859; x_wconf 82' lang='lat' dir='ltr'>Gi.</span> <span class='ocrx_word' id='word_1_304' title='bbox 711 3806 748 3860; x_wconf 84' lang='lat' dir='ltr'>eis</span> <span class='ocrx_word' id='word_1_305' title='bbox 761 3823 823 3862; x_wconf 90' lang='lat' dir='ltr'>cum</span> <span class='ocrx_word' id='word_1_306' title='bbox 834 3807 905 3877; x_wconf 74' lang='lat' dir='ltr'>Lydi</span> <span class='ocrx_word' id='word_1_307' title='bbox 915 3807 933 3860; x_wconf 92' lang='lat' dir='ltr'>l.</span> <span class='ocrx_word' id='word_1_308' title='bbox 945 3807 964 3861; x_wconf 92' lang='lat' dir='ltr'>l.</span> <span class='ocrx_word' id='word_1_309' title='bbox 978 3807 1082 3872; x_wconf 70' lang='lat' dir='ltr'>[arob]</span> <span class='ocrx_word' id='word_1_310' title='bbox 1096 3797 1294 3861; x_wconf 73' lang='lat' dir='ltr'>‘Cbcumnaa&#39;</span> <span class='ocrx_word' id='word_1_311' title='bbox 1313 3805 1380 3874; x_wconf 81' lang='lat' dir='ltr'>Cap.</span> <span class='ocrx_word' id='word_1_312' title='bbox 1390 3805 1470 3861; x_wconf 78' lang='lat' dir='ltr'>XLV</span> 
     </span>
     <span class='ocr_line' id='line_1_35' title="bbox 302 3883 1467 3960; baseline 0.003 -19"><span class='ocrx_word' id='word_1_313' title='bbox 302 3893 330 3941; x_wconf 92' lang='lat' dir='ltr'>et</span> <span class='ocrx_word' id='word_1_314' title='bbox 348 3887 438 3942; x_wconf 89' lang='lat' dir='ltr'><strong>XLVI</strong></span> <span class='ocrx_word' id='word_1_315' title='bbox 456 3893 492 3957; x_wconf 87' lang='lat' dir='ltr'>(p.</span> <span class='ocrx_word' id='word_1_316' title='bbox 507 3893 621 3958; x_wconf 80' lang='lat' dir='ltr'>291sqq.</span> <span class='ocrx_word' id='word_1_317' title='bbox 640 3889 765 3945; x_wconf 88' lang='lat' dir='ltr'>Muelleri</span> <span class='ocrx_word' id='word_1_318' title='bbox 778 3887 894 3960; x_wconf 74' lang='lat' dir='ltr'>‘Geoga</span> <span class='ocrx_word' id='word_1_319' title='bbox 914 3892 960 3946; x_wconf 86' lang='lat' dir='ltr'>Gr.</span> <span class='ocrx_word' id='word_1_320' title='bbox 973 3883 1047 3944; x_wconf 70' lang='lat' dir='ltr'>min.³</span> <span class='ocrx_word' id='word_1_321' title='bbox 1060 3891 1114 3946; x_wconf 84' lang='lat' dir='ltr'>vol.</span> <span class='ocrx_word' id='word_1_322' title='bbox 1126 3890 1158 3957; x_wconf 78' lang='lat' dir='ltr'>l).</span> <span class='ocrx_word' id='word_1_323' title='bbox 1188 3892 1316 3949; x_wconf 86' lang='lat' dir='ltr'>Ceterum</span> <span class='ocrx_word' id='word_1_324' title='bbox 1333 3906 1467 3959; x_wconf 85' lang='lat' dir='ltr'>perquam</span> 
     </span>
     <span class='ocr_line' id='line_1_36' title="bbox 300 3973 1466 4046; baseline 0.003 -21"><span class='ocrx_word' id='word_1_325' title='bbox 300 3973 476 4026; x_wconf 89' lang='lat' dir='ltr'>memorabile</span> <span class='ocrx_word' id='word_1_326' title='bbox 493 3980 535 4028; x_wconf 90' lang='lat' dir='ltr'>est</span> <span class='ocrx_word' id='word_1_327' title='bbox 553 3975 625 4042; x_wconf 88' lang='lat' dir='ltr'>quod</span> <span class='ocrx_word' id='word_1_328' title='bbox 642 3975 696 4028; x_wconf 89' lang='lat' dir='ltr'>iam</span> <span class='ocrx_word' id='word_1_329' title='bbox 709 3975 778 4046; x_wconf 84' lang='lat' dir='ltr'>Lydi</span> <span class='ocrx_word' id='word_1_330' title='bbox 795 3976 962 4044; x_wconf 88' lang='lat' dir='ltr'>temporibus</span> <span class='ocrx_word' id='word_1_331' title='bbox 979 3975 1034 4030; x_wconf 86' lang='lat' dir='ltr'>ista</span> <span class='ocrx_word' id='word_1_332' title='bbox 1046 3974 1285 4043; x_wconf 83' lang='lat' dir='ltr'>circumnavigatio</span> <span class='ocrx_word' id='word_1_333' title='bbox 1296 3975 1382 4030; x_wconf 87' lang='lat' dir='ltr'>maris</span> <span class='ocrx_word' id='word_1_334' title='bbox 1393 3975 1466 4046; x_wconf 79' lang='lat' dir='ltr'>Ery·</span> 
     </span>
    </p>
   </div>
   <div class='ocr_carea' id='block_1_4' title="bbox 302 4057 1287 4215">
    <p class='ocr_par' dir='ltr' id='par_1_5' title="bbox 302 4057 1287 4215">
     <span class='ocr_line' id='line_1_37' title="bbox 302 4057 932 4117; baseline 0.011 -7"><span class='ocrx_word' id='word_1_335' title='bbox 302 4057 393 4112; x_wconf 84' lang='lat' dir='ltr'>thraci</span> <span class='ocrx_word' id='word_1_336' title='bbox 409 4058 517 4112; x_wconf 91' lang='lat' dir='ltr'>nomine</span> <span class='ocrx_word' id='word_1_337' title='bbox 533 4059 665 4114; x_wconf 81' lang='lat' dir='ltr'>Ambiani</span> <span class='ocrx_word' id='word_1_338' title='bbox 682 4060 932 4117; x_wconf 83' lang='lat' dir='ltr'>circumferebatur.</span> 
     </span>
     <span class='ocr_line' id='line_1_38' title="bbox 389 4141 1287 4215; baseline 0.006 -20"><span class='ocrx_word' id='word_1_339' title='bbox 389 4145 414 4207; x_wconf 81' lang='lat'>2)</span> <span class='ocrx_word' id='word_1_340' title='bbox 432 4141 513 4196; x_wconf 90' lang='lat' dir='ltr'>Hunc</span> <span class='ocrx_word' id='word_1_341' title='bbox 531 4143 621 4198; x_wconf 87' lang='lat' dir='ltr'>locum</span> <span class='ocrx_word' id='word_1_342' title='bbox 638 4144 674 4198; x_wconf 89' lang='lat' dir='ltr'>ad</span> <span class='ocrx_word' id='word_1_343' title='bbox 691 4145 866 4200; x_wconf 90' lang='lat' dir='ltr'>Posidonium</span> <span class='ocrx_word' id='word_1_344' title='bbox 883 4146 983 4200; x_wconf 87' lang='lat' dir='ltr'>reverti</span> <span class='ocrx_word' id='word_1_345' title='bbox 1000 4144 1073 4200; x_wconf 84' lang='lat' dir='ltr'>inira</span> <span class='ocrx_word' id='word_1_346' title='bbox 1091 4145 1287 4215; x_wconf 86' lang='lat' dir='ltr'>comprobabo.</span> 
     </span>
    </p>
   </div>
   <div class='ocr_carea' id='block_1_5' title="bbox 0 0 1572 4981">
    <p class='ocr_par' dir='ltr' id='par_1_6' title="bbox 0 0 1572 4981">
     <span class='ocr_line' id='line_1_39' title="bbox 0 0 1572 4981; baseline 0 0"><span class='ocrx_word' id='word_1_347' title='bbox 0 0 1572 4981; x_wconf 95' lang='lat' dir='ltr'> </span> 
     </span>
    </p>
   </div>
  </div>
 </body>
</html>
