3318 4970
477 385 520 442 De
536 385 642 457 legione
657 386 841 444 Romanorum
857 385 879 442 l.
897 384 1048 442 Adiutrice.
1298 389 1340 448 69

178 560 296 626 iterum
324 579 391 628 una
418 581 490 628 cum
518 561 586 628 alia
613 560 743 643 legione
772 560 942 628 coniuncta
975 560 1127 643 occurrit,
1163 559 1224 628 has
1258 561 1340 631 duas

179 661 326 744 legiones
346 663 392 732 ad
414 681 496 747 opus
518 661 694 747 publicum,
716 661 852 728 sortasse
875 660 918 728 ad
941 667 1118 730 castrorum
1142 667 1341 734 munimenta

180 764 380 832 exstruenda
409 763 575 832 adhibitas
605 783 675 831 esse
699 762 863 832 discimus.
908 763 1022 846 Itaque
1046 765 1219 850 quaeritur,
1243 768 1340 852 quale

179 865 215 932 id
238 887 321 951 opus
343 868 451 950 inerit,
474 885 537 950 quo
558 866 631 944 loco
654 873 796 934 erectum
811 867 862 933 sit.
897 863 969 946 Qua
984 865 1025 932 de
1040 886 1076 932 re
1099 867 1160 934 etsi
1182 868 1339 938 iudicium

180 975 303 1034 certum
332 969 417 1035 ferre
446 968 619 1051 nonlicet,
648 988 720 1034 cum
750 987 814 1052 quo
837 969 909 1034 loeo
934 968 991 1034 illa
1012 969 1123 1053 tegula
1146 968 1265 1038 effossa
1286 971 1338 1054 sit,

179 1071 431 1140 incertissimum·
452 1070 505 1154 sit,
528 1076 636 1138 umen
659 1071 878 1140 coniecturam
899 1089 1081 1154 proponere
1105 1091 1267 1140 conemur.

264 1173 379 1258 Neque
409 1192 487 1240 vero
515 1171 685 1256 probanda
714 1177 764 1240 est
792 1172 921 1240 Ernesti
949 1169 1102 1240 Schultze
1115 1173 1137 1250 ¹)
1166 1175 1338 1258 sententie,

179 1276 235 1359 qni
250 1276 413 1359 legionem
428 1275 454 1342 1.
465 1274 666 1342 Adiutrioem
681 1275 716 1340 in
731 1276 845 1342 castris
860 1273 1043 1341 muniendis
1058 1275 1149 1342 XIII.
1166 1276 1337 1346 Geminam

179 1378 347 1445 adiuvisse
375 1383 554 1462 posteaque
584 1395 683 1460 opere
710 1377 855 1461 perfeeto
884 1377 918 1442 iu
946 1377 1148 1462 provinciam
1175 1398 1267 1446 suam
1290 1378 1337 1446 di-

179 1481 312 1547 missam
336 1481 454 1562 esse²)‚
477 1485 579 1562 putat,
602 1497 687 1562 quse
708 1479 869 1546 sententia
891 1498 934 1544 ne
956 1480 1099 1564 speciem
1117 1480 1249 1564 quidem
1265 1501 1338 1564 pro·

180 1581 360 1648 habilitatis
376 1601 455 1665 prae
472 1599 506 1647 se
522 1580 592 1648 sert.
631 1581 731 1648 Porro
746 1581 880 1647 minime
895 1581 1038 1664 cogitare
1061 1581 1138 1650 lieet
1159 1601 1224 1650 una
1244 1601 1338 1668 prae·

180 1685 264 1750 toria
292 1684 374 1750 duas
403 1684 550 1767 legiones
580 1689 613 1749 et
641 1684 817 1751 munivisse
847 1688 879 1748 et
907 1681 1076 1767 habuisse,
1111 1704 1183 1752 cum
1212 1683 1339 1752 iudea

181 1787 360 1854 Domitiani
381 1790 489 1852 aetate
511 1784 594 1852 duas
615 1786 762 1869 legiones
784 1786 856 1852 unis
885 1783 1028 1852 hibernis
1050 1786 1215 1870 imponere
1239 1786 1338 1853 inusi-

180 1896 283 1954 tatum
298 1893 394 1954 esset.
427 1885 523 1965 Quod
538 1893 645 1954 autem
660 1887 888 1970 gravissimum
905 1892 962 1967 est,
986 1907 1026 1954 ne
1041 1887 1182 1972 vestigia
1204 1887 1337 1972 quidem

179 1989 319 2074 legionis
345 1989 436 2054 XIII.
460 1989 616 2056 Geminae
640 1994 777 2072 exstent,
808 1989 924 2072 quibus
955 2006 1026 2054 eam
1054 1989 1120 2055 ium
1148 2009 1233 2084 suno
1265 1993 1337 2055 107.

178 2091 279 2176 Apuli
301 2089 478 2158 tetendisse
500 2089 713 2158 demonstrari
735 2092 847 2176 possit.

267 2191 362 2260 Certe
384 2191 419 2258 id
442 2191 574 2275 quidem
597 2199 722 2260 constat
742 2193 906 2276 legionem
921 2189 1013 2256 XIII.
1030 2191 1202 2260 Geminum
1224 2199 1339 2277 postea

183 2295 300 2362 castris
322 2293 543 2379 Apulensibus
565 2295 668 2360 solam
690 2295 875 2378 impositam
897 2296 1009 2371 esse.³)
1053 2293 1119 2360 Sed
1142 2314 1338 2379 quamquam

182 2415 254 2460 eam
277 2395 336 2461 sub
358 2394 529 2462 Hadriano
550 2397 615 2460 iam
639 2397 685 2462 ibi
706 2397 806 2464 inisse
828 2397 966 2462 fortasse
989 2396 1149 2479 quispiam
1172 2397 1293 2464 dixerit
1302 2400 1336 2481 ⁴),

181 2505 290 2564 tamen
312 2498 511 2582 argumentis
534 2503 567 2563 ct
588 2498 690 2564 titulis
714 2497 747 2562 id
769 2504 894 2564 tantum
910 2498 1112 2580 comprobari
1133 2505 1243 2582 potest
1265 2520 1337 2567 eam

182 2599 260 2666 inde
288 2600 329 2667 ab
362 2617 447 2664 anuo
472 2601 543 2662 142.
566 2599 665 2682 Apuli
688 2605 793 2666 cestra
814 2599 1006 2676 habuisset
1050 2599 1107 2666 Sin
1129 2608 1238 2669 autem
1260 2601 1338 2670 inde

180 2702 224 2768 ab
248 2721 332 2767 anuo
357 2705 428 2766 107.
452 2701 497 2768 ibi
521 2701 711 2768 tetendisset
733 2708 766 2767 et
787 2703 815 2769 si
838 2701 992 2787 canebas,
1016 2721 1097 2785 quas
1112 2703 1211 2788 Apuli
1233 2705 1275 2772 ab
1299 2725 1338 2774 eo

181 2822 266 2869 anno
301 2803 464 2870 exstitisse
498 2823 595 2887 supra
628 2803 851 2888 probavimus,
884 2803 1023 2887 legionIs
1056 2805 1146 2870 XIII.
1180 2805 1338 2874 Geminae

181 2906 327 2990 fuissent,
357 2903 455 2970 valde
484 2905 632 2972 mirabile
662 2912 757 2990 esset,
786 2903 872 2988 quod
901 2925 965 2972 non
995 2913 1166 2975 veteranus
1197 2909 1335 2993 legionis

268 3124 292 3188 1)
310 3120 329 3174 l.
342 3121 360 3176 l.
374 3138 402 3191 p.
416 3127 458 3178 97.
470 3152 506 3164 —
524 3121 554 3177 Si
570 3123 605 3178 E.
618 3121 745 3177 Senultze
764 3138 805 3190 eo,
824 3123 897 3193 qued
913 3123 983 3192 legIo
1001 3123 1022 3176 l.
1041 3123 1169 3178 Adiutrix
1186 3118 1293 3179 -‘hoc
1309 3124 1338 3178 iu

180 3220 263 3274 opere
280 3219 311 3259 re
329 3221 393 3261 vcra
405 3200 541 3262 Adiutrix’
553 3236 587 3246 —
599 3206 698 3274 legioni
710 3206 786 3262 XIII.
800 3207 929 3262 Geminae
941 3209 1095 3277 postposita
1106 3213 1156 3272 est,
1174 3207 1337 3262 sententium

180 3305 258 3345 suam
281 3290 375 3347 fulciri
393 3293 531 3361 opinatur,
555 3307 611 3346 rem
630 3293 702 3347 haud
719 3297 793 3346 recte
811 3291 924 3346 delinire
945 3292 1059 3347 ridetur.
1095 3291 1204 3346 Etenim
1222 3292 1245 3346 si
1264 3307 1336 3346 oom-

179 3376 273 3443 plures
291 3376 416 3446 legiones
435 3392 611 3432 numerorum
628 3377 820 3446 nominumque
838 3392 949 3431 suorum
967 3377 1040 3432 notis
1056 3376 1163 3444 tegulas
1181 3376 1338 3444 signantis

180 3476 248 3516 usus
267 3463 436 3528 observatur,
454 3468 486 3516 ut
504 3467 551 3517 aut
568 3463 655 3516 minor
666 3477 795 3516 numerus
806 3463 903 3516 maiori
916 3465 964 3515 aut
976 3461 1062 3515 maior
1074 3461 1172 3514 minori
1182 3461 1338 3530 praecedat,

181 3545 211 3600 id
229 3546 303 3615 quod
320 3548 422 3616 optime
434 3547 589 3602 illustratur
600 3546 679 3601 titulo
693 3561 738 3602 uo.
752 3550 858 3612 dille„
876 3547 905 3600 iu
917 3561 971 3615 que
983 3545 1052 3614 legio
1064 3544 1087 3600 1.
1100 3544 1228 3600 Adiutrix
1238 3546 1339 3614 legioni

179 3629 228 3685 XI.
249 3630 379 3686 Claudiae
396 3630 551 3701 anteposita
568 3636 619 3686 est.

268 3719 294 3782 2)
311 3715 380 3770 Eam
399 3717 593 3787 quaestionem,
612 3715 660 3770 ubi
678 3718 769 3770 esseut
786 3720 877 3770 castra
895 3715 994 3769 stativa
1011 3714 1124 3784 legionis
1142 3715 1165 3768 1.
1179 3713 1336 3782 Adiutricis,

180 3800 293 3856 omnino
311 3802 430 3868 neglexit
446 3816 535 3870 neque
553 3801 663 3856 solvere
680 3801 858 3870 potuit,·cum
876 3799 945 3868 legio
963 3800 1138 3856 etlermauia
1156 3799 1285 3857 contiuuo
1302 3799 1337 3854 ad

179 3885 246 3940 belli
264 3885 356 3941 sedem
372 3885 527 3941 duceretur.

269 3973 295 4035 3)
313 3969 349 4024 ci.
368 3970 520 4026 Mommsen
539 3969 607 4026 CIL.
625 3970 675 4026 III.
694 3987 722 4040 p.
737 3973 794 4038 182,
812 3975 840 4025 et
857 3968 948 4024 Herm.
960 3969 1021 4025 VII.
1040 3985 1066 4038 p.
1079 3971 1130 4024 306
1143 3983 1200 4038 sqq.

267 4057 295 4120 l)
314 4055 348 4108 ci.
367 4054 435 4112 011..
453 4054 502 4112 lll.
522 4059 596 4110 1169.

270 4141 296 4206 5)
313 4138 351 4194 oi.
371 4139 438 4194 ΟΠ..
457 4155 485 4208 p.
505 4143 556 4194 940
574 4143 601 4194 et
617 4153 645 4209 p.
665 4142 723 4195 959.
