3134 4986
480 404 659 472 Quaestiones
676 403 884 461 Posidonianae.
1199 405 1262 464 369

103 578 210 644 tiones
238 582 271 643 st
299 577 426 644 nimbus
456 583 487 643 et
514 577 664 644 caliditas
688 584 720 643 at
740 576 902 662 frigiditas
924 597 983 662 per
1004 596 1263 662 unumquemque

101 681 212 747 locum
235 686 268 746 ct
290 679 387 746 clima
408 677 517 744 differt
539 685 572 745 ct
592 675 754 744 variatur!
793 678 896 757 Quem
920 679 1066 746 ordinem
1089 681 1261 764 insequens

100 781 269 865 inquisitio
299 781 454 847 adcurate
484 787 594 846 servat
616 786 728 864 utpote
751 801 835 865 quae
856 802 877 848 a
899 782 1163 848 conversionibus
1186 783 1264 848 solis

100 883 246 950 ordiatur
269 875 302 949 et
322 885 356 948 in
379 883 600 965 quaestionem
622 880 663 947 de
686 884 794 950 calore
810 890 842 950 et
856 881 975 966 frigore
991 881 1149 949 decurrat.
1184 881 1263 948 Sen-

101 987 224 1052 tentiae
246 991 354 1051 autem
377 990 443 1050 tam
465 990 534 1050 arte
557 985 640 1048 inter
662 1003 698 1049 se
721 985 892 1069 copulatae
916 991 948 1050 et
963 1003 1107 1050 conexae
1123 971 1205 1066 sunt,
1228 990 1264 1049 ut

102 1106 147 1153 ex
169 1107 232 1152 uno
255 1087 344 1153 ionte
367 1105 437 1169 cap.
454 1085 497 1148 IV
513 1082 706 1168 profluxisse
721 1088 801 1153 satis
817 1092 963 1153 constare
979 1086 1136 1152 rideatur.
1169 1083 1264 1163 Quod

104 1208 144 1255 eo
175 1189 279 1272 magis
308 1189 402 1254 nobis
431 1187 636 1254 statuendum
660 1195 719 1272 est,
743 1188 830 1272 qnod
854 1189 969 1255 ceteris
992 1208 1120 1272 quoquc
1135 1188 1216 1254 locis
1231 1189 1264 1252 in

101 1289 335 1357 adumbrandis
358 1289 493 1372 singulis
515 1290 713 1370 argumentis
736 1290 790 1356 vel
813 1290 1002 1356 eruditionis
1023 1291 1104 1356 locis
1127 1289 1264 1354 Priscia-

13 1413 20 1422 ‘
101 1414 166 1460 nus
188 1413 262 1475 non,
286 1391 334 1457 uti
357 1393 426 1474 ipsc
441 1411 527 1458 vana
543 1391 716 1457 iactatione
732 1391 898 1475 gloriatur,
921 1392 1104 1476 complures
1120 1391 1178 1458 scd
1194 1387 1263 1455 iere

103 1515 202 1560 unum
214 1499 377 1560 auctorem
390 1494 423 1557 in
434 1493 618 1558 universnm
631 1493 723 1577 sequi
736 1494 827 1559 solet.
842 1493 1143 1560 Luculentissimnm
1157 1511 1264 1558 exem·

102 1597 195 1680 plum
224 1595 446 1662 circulatoriae
469 1595 556 1660 illius
578 1594 736 1660 Prisciani
759 1595 988 1662 venditationis
1011 1607 1082 1679 cap.
1098 1593 1130 1659 X
1153 1597 1195 1677 (p.
1213 1595 1265 1674 98,

103 1702 147 1762 24
163 1701 246 1781 sqq.)
281 1703 339 1763 est.
397 1693 491 1773 Quod
525 1702 662 1778 excepto
696 1716 760 1762 uno
788 1697 861 1763 loco
889 1698 983 1765 unius
1011 1695 1195 1762 Aristotelis
1224 1694 1265 1759 de

103 1802 212 1867 ventis
235 1799 413 1866 doctrinam
437 1799 615 1882 expromit,
645 1799 722 1864 licet
743 1799 927 1866 Priscianus
951 1800 984 1864 in
1007 1800 1097 1866 caica
1120 1797 1264 1880 disputa·
1376 1819 1378 1824 ¹

103 1903 203 1970 tionis
219 1920 297 1969 suae
311 1899 495 1966 admirabili
507 1919 579 1965 cum
592 1901 753 1982 gravitate
764 1901 936 1968 adseveret
948 1903 990 1985 (p.
1006 1903 1106 1982 104,3
1121 1899 1265 1982 prcxx.):

101 1999 206 2071 ‘baec
234 2004 319 2070 enim
349 2008 422 2068 sunt
444 2021 486 2068 ex
508 2002 618 2068 multis
641 2003 851 2086 scriptoribus
873 2009 1009 2086 accepta
1030 2001 1266 2084 adprobatione

103 2107 200 2172 nobis
223 2104 363 2172 sollicita
384 2102 426 2169 de
447 2110 617 2168 ventorum
638 2105 847 2186 generatione
869 2110 902 2170 et
915 2105 948 2168 in
965 2111 1118 2187 quantum
1135 2122 1266 2169 moven-

103 2216 158 2275 tur
189 2215 222 2274 et
250 2227 314 2291 quo
344 2205 439 2271 modo
462 2225 540 2283 acra
562 2212 767 2273 commovent
789 2206 920 2290 proprio
944 2201 1051 2272 motu?
1098 2204 1145 2271 Gi.
1168 2203 1267 2271 Rosei

99 2305 240 2376 ‘Anecd
265 2300 420 2375 Graccoll
446 2307 554 2384 (1864)
577 2307 674 2374 voLI
695 2327 727 2391 p.
744 2310 795 2371 26.

194 2409 298 2490 Quem
321 2417 428 2475 autem
451 2415 615 2475 auctorem
631 2409 815 2475 Priscianus
838 2407 871 2472 in
890 2407 1122 2474 conscribendo
1138 2427 1210 2491 cap.
1223 2407 1268 2473 IV

104 2519 238 2581 secutus
266 2511 338 2578 cst?
382 2511 451 2577 Iam
477 2511 622 2577 Blassius
644 2512 677 2585 (l.
700 2511 721 2576 l.
745 2530 776 2595 p.
793 2513 847 2583 20)
877 2515 910 2575 et
930 2510 1121 2592 Bywaterus
1144 2510 1188 2586 (in
1211 2508 1267 2574 ad·

104 2623 174 2682 not
203 2615 247 2680 ad
277 2633 348 2698 cap.
370 2612 427 2694 IV)
466 2611 670 2679 definitiones
709 2613 875 2678 notionum
915 2612 1202 2678 astronomicarum
1235 2612 1268 2676 in

106 2739 180 2804 cap.
197 2717 242 2782 IV
262 2709 493 2780 ‘Solutionum'
518 2715 701 2798 propositas
716 2733 874 2780 summam
890 2714 1132 2780 similitudinem
1149 2712 1269 2780 babere

106 2839 183 2888 cum
212 2821 259 2885 eis
290 2836 374 2900 quae
402 2818 435 2882 in
459 2817 587 2884 Gemini
607 2808 880 2882 ‘Introducticne’
911 2817 1062 2899 leguntur
1089 2816 1269 2883 rectissime

106 2921 415 2989 animadverterunt.
453 2918 520 2984 Sed
541 2919 639 2984 latius
660 2924 751 3002 patet
773 2919 938 3000 cognatio:
960 2936 1100 3002 namque
1122 2918 1219 2984 etiam
1236 2919 1269 2984 in

107 3025 185 3090 aliis
202 3023 311 3088 multis
326 3020 422 3086 rebus
438 3021 670 3104 sententiisque
685 3021 785 3086 mirus
800 3011 1078 3103 inter‘lsagogen'
1098 3026 1130 3086 et
1142 3040 1212 3104 cap.
1224 3019 1271 3084 IV

108 3125 289 3192 Priscianei
323 3122 427 3188 libelli
460 3123 631 3189 intercedit
664 3128 847 3188 concentus.
903 3121 1013 3188 Veluti
1047 3141 1131 3206 quae
1159 3121 1270 3204 Lydus

107 3249 143 3312 p.
168 3229 219 3310 64,
235 3229 276 3290 25
285 3243 356 3307 sqq.
390 3222 431 3288 de
462 3225 599 3307 cingulis
627 3231 731 3290 torrae
765 3223 914 3308 exponit,
950 3243 989 3290 ea
1018 3225 1140 3290 eisdem
1167 3223 1270 3289 ferme

113 3330 225 3396 verbis
248 3345 404 3411 expressa
426 3328 628 3410 reperiuntur
653 3324 741 3409 apud
756 3325 925 3391 Geminum
949 3347 981 3410 p.
999 3328 1039 3389 29
1059 3316 1180 3393 ‘Uram'
1200 3325 1268 3390 Pet.

111 3431 237 3498 Tamen
259 3436 327 3494 toto
351 3428 437 3511 quod
460 3428 550 3492 aiunt
572 3428 663 3518 caelo
686 3434 816 3509 erraret,
839 3428 961 3511 siquis
984 3447 1081 3511 quam
1102 3447 1160 3494 nos
1183 3432 1271 3493 tene·

111 3553 185 3599 mus
208 3531 336 3597 G‘cmini
356 3522 664 3594 ‘Introductionem’
696 3549 717 3592 a
739 3530 905 3596 Prisciano
934 3528 977 3595 ad
1006 3549 1082 3596 usus
1111 3549 1186 3596 snos
1215 3527 1271 3594 ad·

112 3641 263 3701 vocatam
283 3651 354 3699 esse
370 3637 506 3717 putaret.
536 3629 630 3708 Quod
646 3650 686 3695 ne
702 3632 933 3714 existimemus,
956 3637 1045 3697 vetat
1060 3632 1146 3714 quod
1163 3651 1271 3715 quam-

111 3739 163 3803 vis
186 3735 297 3802 stricta
319 3737 361 3801 sit
383 3741 479 3819 atque
502 3733 649 3816 praecisa
663 3732 748 3815 Lydi
771 3734 883 3816 oratio,
906 3739 1014 3800 tamur
1030 3733 1159 3798 uberius
1174 3733 1216 3798 ab
1233 3751 1272 3798 eo

113 3839 308 3905 Geminiana
328 3830 498 3920 ‘isagoge'
527 3853 609 3917 opus
632 3835 809 3917 expilatum
833 3854 903 3902 esse
926 3835 1034 3902 adhuc
1056 3835 1198 3917 perbone
1220 3855 1272 3900 co·

113 3940 226 4025 gnosoi
242 3944 358 4022 potest.
392 3939 498 4023 Atque
514 3957 571 4004 suo
588 3937 656 4002 iure
672 3937 816 4002 Blassius
831 3971 872 3982 -
888 3939 940 4004 cni
956 3938 1141 4020 ceteroquin
1157 3936 1272 4002 Prisci-

114 4061 197 4109 anus
226 4040 431 4124 diligentiore
460 4040 655 4106 scrutatione
684 4039 836 4120 indignus
864 4039 953 4105 visus
982 4045 1094 4105 est-
1115 4038 1273 4123 quasdam

116 4141 319 4210 definitiones
348 4143 526 4228 pleniorem
553 4141 687 4208 formam
719 4141 888 4207 ostendere
910 4142 1107 4209 commonuit
1128 4142 1181 4218 (cf.
1204 4139 1273 4206 eius
