<?xml version="1.0" encoding="UTF-8"?>
<!DOCTYPE html PUBLIC "-//W3C//DTD XHTML 1.0 Transitional//EN"
    "http://www.w3.org/TR/xhtml1/DTD/xhtml1-transitional.dtd">
<html xmlns="http://www.w3.org/1999/xhtml" xml:lang="en" lang="en">
 <head>
  <title>
</title>
<meta http-equiv="Content-Type" content="text/html;charset=utf-8" />
  <meta name='ocr-system' content='tesseract 3.04.00' />
  <meta name='ocr-capabilities' content='ocr_page ocr_carea ocr_par ocr_line ocrx_word'/>
</head>
<body>
  <div class='ocr_page' id='page_1' title='image "./leipzigerstudie00curtgoog_0533.png"; bbox 0 0 3134 4986; ppageno 0'>
   <div class='ocr_carea' id='block_1_1' title="bbox 378 405 1285 473">
    <p class='ocr_par' dir='ltr' id='par_1_1' title="bbox 378 405 1285 473">
     <span class='ocr_line' id='line_1_1' title="bbox 378 405 1285 473; baseline 0.008 -14"><span class='ocrx_word' id='word_1_1' title='bbox 378 461 379 466; x_wconf 63' lang='grc'>,</span> <span class='ocrx_word' id='word_1_2' title='bbox 497 405 675 473; x_wconf 72' lang='lat' dir='ltr'><strong>Quaestione·</strong></span> <span class='ocrx_word' id='word_1_3' title='bbox 693 405 902 462; x_wconf 85' lang='lat' dir='ltr'><strong>Posidoniauac.</strong></span> <span class='ocrx_word' id='word_1_4' title='bbox 1222 408 1285 466; x_wconf 82' lang='lat'><strong>349</strong></span> 
     </span>
    </p>
   </div>
   <div class='ocr_carea' id='block_1_2' title="bbox 116 577 1286 1277">
    <p class='ocr_par' dir='ltr' id='par_1_2' title="bbox 116 577 1286 1277">
     <span class='ocr_line' id='line_1_2' title="bbox 124 577 1285 663; baseline 0.004 -21"><span class='ocrx_word' id='word_1_5' title='bbox 124 597 196 642; x_wconf 92' lang='lat' dir='ltr'><strong>rum</strong></span> <span class='ocrx_word' id='word_1_6' title='bbox 219 577 366 660; x_wconf 87' lang='lat' dir='ltr'><strong>caelique</strong></span> <span class='ocrx_word' id='word_1_7' title='bbox 382 578 424 643; x_wconf 94' lang='lat' dir='ltr'><strong>sit</strong></span> <span class='ocrx_word' id='word_1_8' title='bbox 437 579 684 662; x_wconf 83' lang='lat' dir='ltr'><strong>pervestigator.</strong></span> <span class='ocrx_word' id='word_1_9' title='bbox 692 581 714 657; x_wconf 84' lang='lat'><strong>¹)</strong></span> <span class='ocrx_word' id='word_1_10' title='bbox 745 579 839 646; x_wconf 89' lang='lat' dir='ltr'><strong>Hauc</strong></span> <span class='ocrx_word' id='word_1_11' title='bbox 854 580 883 646; x_wconf 91' lang='lat' dir='ltr'><strong>si</strong></span> <span class='ocrx_word' id='word_1_12' title='bbox 898 578 1050 644; x_wconf 85' lang='lat' dir='ltr'><strong>Arrhiani</strong></span> <span class='ocrx_word' id='word_1_13' title='bbox 1067 599 1197 663; x_wconf 91' lang='lat' dir='ltr'><strong>quoque</strong></span> <span class='ocrx_word' id='word_1_14' title='bbox 1212 601 1285 647; x_wconf 93' lang='lat' dir='ltr'><strong>sen-</strong></span> 
     </span>
     <span class='ocr_line' id='line_1_3' title="bbox 124 679 1286 764; baseline 0.003 -19"><span class='ocrx_word' id='word_1_15' title='bbox 124 679 258 745; x_wconf 77' lang='lat' dir='ltr'><strong>tentiam</strong></span> <span class='ocrx_word' id='word_1_16' title='bbox 280 679 379 744; x_wconf 86' lang='lat' dir='ltr'><strong>fuisse</strong></span> <span class='ocrx_word' id='word_1_17' title='bbox 401 679 602 764; x_wconf 80' lang='lat' dir='ltr'><strong>arbitremur,</strong></span> <span class='ocrx_word' id='word_1_18' title='bbox 625 681 715 747; x_wconf 90' lang='lat' dir='ltr'><strong>nulla</strong></span> <span class='ocrx_word' id='word_1_19' title='bbox 737 699 835 746; x_wconf 89' lang='lat' dir='ltr'><strong>causa</strong></span> <span class='ocrx_word' id='word_1_20' title='bbox 857 686 906 747; x_wconf 89' lang='lat' dir='ltr'><strong>est</strong></span> <span class='ocrx_word' id='word_1_21' title='bbox 930 699 1027 764; x_wconf 90' lang='lat' dir='ltr'><strong>quam</strong></span> <span class='ocrx_word' id='word_1_22' title='bbox 1043 681 1169 747; x_wconf 92' lang='lat' dir='ltr'><strong>obrem</strong></span> <span class='ocrx_word' id='word_1_23' title='bbox 1185 681 1286 749; x_wconf 83' lang='lat' dir='ltr'><strong>offen-</strong></span> 
     </span>
     <span class='ocr_line' id='line_1_4' title="bbox 121 775 1282 865; baseline 0.003 -19"><span class='ocrx_word' id='word_1_24' title='bbox 121 779 246 865; x_wconf 90' lang='lat' dir='ltr'><strong>damus,</strong></span> <span class='ocrx_word' id='word_1_25' title='bbox 270 779 358 862; x_wconf 91' lang='lat' dir='ltr'><strong>quod</strong></span> <span class='ocrx_word' id='word_1_26' title='bbox 378 781 412 846; x_wconf 93' lang='lat' dir='ltr'><strong>in</strong></span> <span class='ocrx_word' id='word_1_27' title='bbox 433 781 516 847; x_wconf 90' lang='lat' dir='ltr'><strong>libro</strong></span> <span class='ocrx_word' id='word_1_28' title='bbox 536 775 631 864; x_wconf 64' lang='grc' dir='ltr'><strong>επερὶ</strong></span> <span class='ocrx_word' id='word_1_29' title='bbox 655 775 846 865; x_wconf 78' lang='grc' dir='ltr'><em>μετεώρων’</em></span> <span class='ocrx_word' id='word_1_30' title='bbox 872 782 914 849; x_wconf 92' lang='lat' dir='ltr'><strong>de</strong></span> <span class='ocrx_word' id='word_1_31' title='bbox 929 788 1034 847; x_wconf 90' lang='lat' dir='ltr'><strong>terrae</strong></span> <span class='ocrx_word' id='word_1_32' title='bbox 1048 783 1172 849; x_wconf 85' lang='lat' dir='ltr'><strong>ambitu</strong></span> <span class='ocrx_word' id='word_1_33' title='bbox 1188 783 1282 850; x_wconf 87' lang='lat' dir='ltr'><strong>dixit.</strong></span> 
     </span>
     <span class='ocr_line' id='line_1_5' title="bbox 116 880 1285 968; baseline 0.005 -22"><span class='ocrx_word' id='word_1_34' title='bbox 116 882 194 947; x_wconf 72' lang='lat' dir='ltr'><strong>vIam</strong></span> <span class='ocrx_word' id='word_1_35' title='bbox 216 880 468 964; x_wconf 83' lang='lat' dir='ltr'><strong>Agatharchidis</strong></span> <span class='ocrx_word' id='word_1_36' title='bbox 490 884 710 950; x_wconf 85' lang='lat' dir='ltr'><strong>testimonium</strong></span> <span class='ocrx_word' id='word_1_37' title='bbox 733 886 995 968; x_wconf 74' lang='lat' dir='ltr'><strong>contemplemur.</strong></span> <span class='ocrx_word' id='word_1_38' title='bbox 1034 882 1099 962; x_wconf 81' lang='lat' dir='ltr'><strong>Qui</strong></span> <span class='ocrx_word' id='word_1_39' title='bbox 1120 885 1142 950; x_wconf 92' lang='lat' dir='ltr'><strong>l.</strong></span> <span class='ocrx_word' id='word_1_40' title='bbox 1158 886 1179 950; x_wconf 91' lang='lat' dir='ltr'><strong>l.</strong></span> <span class='ocrx_word' id='word_1_41' title='bbox 1203 884 1285 952; x_wconf 88' lang='lat' dir='ltr'><strong>baec</strong></span> 
     </span>
     <span class='ocr_line' id='line_1_6' title="bbox 120 976 1285 1072; baseline 0.001 -23"><span class='ocrx_word' id='word_1_42' title='bbox 120 983 246 1068; x_wconf 83' lang='lat' dir='ltr'><strong>prodit:</strong></span> <span class='ocrx_word' id='word_1_43' title='bbox 269 976 323 1049; x_wconf 85' lang='grc' dir='ltr'><em>ο’τι</em></span> <span class='ocrx_word' id='word_1_44' title='bbox 348 977 520 1069; x_wconf 74' lang='grc' dir='ltr'><strong><em>Ἀρριανὸς</em></strong></span> <span class='ocrx_word' id='word_1_45' title='bbox 543 986 623 1070; x_wconf 79' lang='grc' dir='ltr'><em>περὶ</em></span> <span class='ocrx_word' id='word_1_46' title='bbox 644 986 797 1072; x_wconf 78' lang='grc' dir='ltr'><em>κομητῶν</em></span> <span class='ocrx_word' id='word_1_47' title='bbox 820 982 954 1070; x_wconf 83' lang='grc' dir='ltr'><em>φύσεώς</em></span> <span class='ocrx_word' id='word_1_48' title='bbox 968 1009 1005 1050; x_wconf 91' lang='grc' dir='ltr'><strong>τε</strong></span> <span class='ocrx_word' id='word_1_49' title='bbox 1019 985 1076 1050; x_wconf 89' lang='grc' dir='ltr'><strong>καὶ</strong></span> <span class='ocrx_word' id='word_1_50' title='bbox 1091 983 1285 1062; x_wconf 83' lang='grc' dir='ltr'><em>συστάσεως</em></span> 
     </span>
     <span class='ocr_line' id='line_1_7' title="bbox 120 1077 1285 1172; baseline 0.003 -22"><span class='ocrx_word' id='word_1_51' title='bbox 120 1086 178 1150; x_wconf 79' lang='grc' dir='ltr'><strong>καὶ</strong></span> <span class='ocrx_word' id='word_1_52' title='bbox 202 1083 391 1171; x_wconf 78' lang='grc' dir='ltr'><em>φασμάτων</em></span> <span class='ocrx_word' id='word_1_53' title='bbox 411 1084 624 1172; x_wconf 78' lang='grc' dir='ltr'><em>βιβλιδάριον</em></span> <span class='ocrx_word' id='word_1_54' title='bbox 645 1085 791 1171; x_wconf 79' lang='grc' dir='ltr'><strong><em>γράψας,</em></strong></span> <span class='ocrx_word' id='word_1_55' title='bbox 815 1086 957 1164; x_wconf 81' lang='grc' dir='ltr'><strong><em>πολλοῖς</em></strong></span> <span class='ocrx_word' id='word_1_56' title='bbox 979 1077 1191 1171; x_wconf 82' lang='grc' dir='ltr'><em>άγωνίσμασι</em></span> <span class='ocrx_word' id='word_1_57' title='bbox 1206 1111 1285 1154; x_wconf 76' lang='grc' dir='ltr'><em>πει-</em></span> 
     </span>
     <span class='ocr_line' id='line_1_8' title="bbox 121 1179 1284 1277; baseline 0.003 -26"><span class='ocrx_word' id='word_1_58' title='bbox 121 1189 224 1272; x_wconf 82' lang='grc' dir='ltr'><em>ρᾶται</em></span> <span class='ocrx_word' id='word_1_59' title='bbox 253 1185 420 1254; x_wconf 81' lang='grc' dir='ltr'><em>δεικνύναι</em></span> <span class='ocrx_word' id='word_1_60' title='bbox 442 1179 498 1254; x_wconf 76' lang='grc' dir='ltr'><em>ὅτι</em></span> <span class='ocrx_word' id='word_1_61' title='bbox 517 1187 620 1277; x_wconf 78' lang='grc' dir='ltr'><em>μηδὲν</em></span> <span class='ocrx_word' id='word_1_62' title='bbox 642 1187 727 1276; x_wconf 81' lang='grc' dir='ltr'><em>μήτε</em></span> <span class='ocrx_word' id='word_1_63' title='bbox 748 1190 815 1253; x_wconf 90' lang='grc' dir='ltr'><em>τῶν</em></span> <span class='ocrx_word' id='word_1_64' title='bbox 838 1180 979 1274; x_wconf 74' lang='grc' dir='ltr'><em>άγαθῶν</em></span> <span class='ocrx_word' id='word_1_65' title='bbox 1000 1185 1085 1276; x_wconf 84' lang='grc' dir='ltr'><em>μήτε</em></span> <span class='ocrx_word' id='word_1_66' title='bbox 1106 1191 1173 1255; x_wconf 89' lang='grc' dir='ltr'><em>τῶν</em></span> <span class='ocrx_word' id='word_1_67' title='bbox 1196 1189 1284 1276; x_wconf 84' lang='grc' dir='ltr'><em>φαά-</em></span> 
     </span>
    </p>
   </div>
   <div class='ocr_carea' id='block_1_3' title="bbox 117 1281 1286 2596">
    <p class='ocr_par' dir='ltr' id='par_1_3' title="bbox 117 1281 1286 2596">
     <span class='ocr_line' id='line_1_9' title="bbox 121 1281 1286 1377; baseline 0.006 -25"><span class='ocrx_word' id='word_1_68' title='bbox 121 1289 190 1354; x_wconf 81' lang='grc' dir='ltr'><strong>λων</strong></span> <span class='ocrx_word' id='word_1_69' title='bbox 222 1285 265 1353; x_wconf 81' lang='grc' dir='ltr'><em>τὰ</em></span> <span class='ocrx_word' id='word_1_70' title='bbox 296 1291 439 1354; x_wconf 84' lang='grc' dir='ltr'><em>τοιαῦτα</em></span> <span class='ocrx_word' id='word_1_71' title='bbox 469 1287 632 1377; x_wconf 81' lang='grc' dir='ltr'><em>φάσματα</em></span> <span class='ocrx_word' id='word_1_72' title='bbox 661 1281 965 1376; x_wconf 76' lang='grc' dir='ltr'><em>άντοσημαίνοοσιν.</em></span> <span class='ocrx_word' id='word_1_73' title='bbox 1016 1292 1097 1358; x_wconf 77' lang='lat' dir='ltr'><strong>Cum</strong></span> <span class='ocrx_word' id='word_1_74' title='bbox 1126 1293 1286 1377; x_wconf 81' lang='lat' dir='ltr'><strong>scriptura</strong></span> 
     </span>
     <span class='ocr_line' id='line_1_10' title="bbox 118 1383 1285 1477; baseline 0.006 -23"><span class='ocrx_word' id='word_1_75' title='bbox 118 1383 221 1474; x_wconf 68' lang='grc' dir='ltr'><strong>ῐπερὶ</strong></span> <span class='ocrx_word' id='word_1_76' title='bbox 249 1383 435 1476; x_wconf 82' lang='grc' dir='ltr'><em>μετεώρων’</em></span> <span class='ocrx_word' id='word_1_77' title='bbox 466 1413 508 1460; x_wconf 89' lang='lat' dir='ltr'><strong>ex</strong></span> <span class='ocrx_word' id='word_1_78' title='bbox 530 1394 749 1477; x_wconf 77' lang='lat' dir='ltr'><strong>compluribus</strong></span> <span class='ocrx_word' id='word_1_79' title='bbox 771 1394 863 1461; x_wconf 90' lang='lat' dir='ltr'><strong>libris</strong></span> <span class='ocrx_word' id='word_1_80' title='bbox 886 1395 1080 1475; x_wconf 91' lang='lat' dir='ltr'><strong>constiterit,</strong></span> <span class='ocrx_word' id='word_1_81' title='bbox 1108 1395 1155 1458; x_wconf 92' lang='lat' dir='ltr'><strong>nil</strong></span> <span class='ocrx_word' id='word_1_82' title='bbox 1178 1395 1285 1461; x_wconf 83' lang='lat' dir='ltr'><strong>obstat</strong></span> 
     </span>
     <span class='ocr_line' id='line_1_11' title="bbox 118 1487 1284 1582; baseline 0.001 -23"><span class='ocrx_word' id='word_1_83' title='bbox 118 1513 162 1560; x_wconf 83' lang='lat' dir='ltr'><strong>ne</strong></span> <span class='ocrx_word' id='word_1_84' title='bbox 190 1493 404 1579; x_wconf 78' lang='grc' dir='ltr'><em>βιβλιάάριον</em></span> <span class='ocrx_word' id='word_1_85' title='bbox 434 1495 514 1580; x_wconf 79' lang='grc' dir='ltr'><em>περὶ</em></span> <span class='ocrx_word' id='word_1_86' title='bbox 544 1496 695 1580; x_wconf 84' lang='grc' dir='ltr'><em>κομητῶν</em></span> <span class='ocrx_word' id='word_1_87' title='bbox 718 1487 851 1582; x_wconf 85' lang='grc' dir='ltr'><em>φάσεῶς</em></span> <span class='ocrx_word' id='word_1_88' title='bbox 873 1519 910 1560; x_wconf 89' lang='grc' dir='ltr'><strong>τε</strong></span> <span class='ocrx_word' id='word_1_89' title='bbox 931 1496 987 1560; x_wconf 81' lang='grc' dir='ltr'><strong>καὶ</strong></span> <span class='ocrx_word' id='word_1_90' title='bbox 1012 1492 1205 1571; x_wconf 82' lang='grc' dir='ltr'><em>συστάσεως</em></span> <span class='ocrx_word' id='word_1_91' title='bbox 1228 1497 1284 1560; x_wconf 83' lang='grc' dir='ltr'><strong>καὶ</strong></span> 
     </span>
     <span class='ocr_line' id='line_1_12' title="bbox 120 1593 1283 1682; baseline 0.004 -24"><span class='ocrx_word' id='word_1_92' title='bbox 120 1593 309 1680; x_wconf 84' lang='grc' dir='ltr'><em>φασμάτων</em></span> <span class='ocrx_word' id='word_1_93' title='bbox 325 1599 446 1681; x_wconf 88' lang='lat' dir='ltr'><strong>quippe</strong></span> <span class='ocrx_word' id='word_1_94' title='bbox 458 1597 547 1680; x_wconf 89' lang='lat' dir='ltr'><strong>quod</strong></span> <span class='ocrx_word' id='word_1_95' title='bbox 557 1597 800 1680; x_wconf 89' lang='lat' dir='ltr'><strong>meteorologici</strong></span> <span class='ocrx_word' id='word_1_96' title='bbox 811 1597 992 1682; x_wconf 89' lang='lat' dir='ltr'><strong>argumenti</strong></span> <span class='ocrx_word' id='word_1_97' title='bbox 1003 1599 1045 1664; x_wconf 90' lang='lat' dir='ltr'><strong>sit</strong></span> <span class='ocrx_word' id='word_1_98' title='bbox 1055 1597 1098 1662; x_wconf 88' lang='lat' dir='ltr'><strong>ad</strong></span> <span class='ocrx_word' id='word_1_99' title='bbox 1109 1597 1200 1661; x_wconf 88' lang='lat' dir='ltr'><strong>illam</strong></span> <span class='ocrx_word' id='word_1_100' title='bbox 1213 1616 1283 1680; x_wconf 91' lang='lat' dir='ltr'><strong>per·</strong></span> 
     </span>
     <span class='ocr_line' id='line_1_13' title="bbox 117 1697 1282 1788; baseline 0.003 -27"><span class='ocrx_word' id='word_1_101' title='bbox 117 1697 255 1764; x_wconf 79' lang='lat' dir='ltr'><strong>tinuisse</strong></span> <span class='ocrx_word' id='word_1_102' title='bbox 266 1699 445 1766; x_wconf 87' lang='lat' dir='ltr'><strong>credamus.</strong></span> <span class='ocrx_word' id='word_1_103' title='bbox 461 1700 489 1764; x_wconf 84' lang='lat' dir='ltr'><strong>E</strong></span> <span class='ocrx_word' id='word_1_104' title='bbox 502 1719 565 1782; x_wconf 93' lang='lat' dir='ltr'><strong>quo</strong></span> <span class='ocrx_word' id='word_1_105' title='bbox 576 1704 746 1782; x_wconf 86' lang='lat' dir='ltr'><strong>praeterea</strong></span> <span class='ocrx_word' id='word_1_106' title='bbox 757 1719 909 1782; x_wconf 85' lang='lat' dir='ltr'><strong>magnum</strong></span> <span class='ocrx_word' id='word_1_107' title='bbox 921 1700 1014 1788; x_wconf 81' lang='lat' dir='ltr'><strong>nobis</strong></span> <span class='ocrx_word' id='word_1_108' title='bbox 1025 1699 1161 1764; x_wconf 84' lang='lat' dir='ltr'><strong>frustum</strong></span> <span class='ocrx_word' id='word_1_109' title='bbox 1174 1719 1282 1765; x_wconf 87' lang='lat' dir='ltr'><strong>serva-</strong></span> 
     </span>
     <span class='ocr_line' id='line_1_14' title="bbox 118 1790 1283 1885; baseline 0.003 -22"><span class='ocrx_word' id='word_1_110' title='bbox 118 1799 168 1864; x_wconf 88' lang='lat' dir='ltr'><strong>vit</strong></span> <span class='ocrx_word' id='word_1_111' title='bbox 189 1799 326 1868; x_wconf 87' lang='lat' dir='ltr'><strong>Ioannes</strong></span> <span class='ocrx_word' id='word_1_112' title='bbox 342 1800 501 1867; x_wconf 83' lang='lat' dir='ltr'><strong>Stobaeus</strong></span> <span class='ocrx_word' id='word_1_113' title='bbox 523 1801 557 1865; x_wconf 94' lang='lat' dir='ltr'><strong>in</strong></span> <span class='ocrx_word' id='word_1_114' title='bbox 576 1793 665 1866; x_wconf 84' lang='lat' dir='ltr'><strong>‘Ecl</strong></span> <span class='ocrx_word' id='word_1_115' title='bbox 681 1790 785 1883; x_wconf 71' lang='lat' dir='ltr'><strong>phys.³</strong></span> <span class='ocrx_word' id='word_1_116' title='bbox 811 1821 842 1882; x_wconf 90' lang='lat' dir='ltr'><strong>p.</strong></span> <span class='ocrx_word' id='word_1_117' title='bbox 860 1803 932 1885; x_wconf 85' lang='grc'><strong>229,</strong></span> <span class='ocrx_word' id='word_1_118' title='bbox 953 1806 1067 1883; x_wconf 87' lang='lat' dir='ltr'><strong>ltsqq.</strong></span> <span class='ocrx_word' id='word_1_119' title='bbox 1087 1800 1137 1864; x_wconf 90' lang='lat' dir='ltr'><strong>W.</strong></span> <span class='ocrx_word' id='word_1_120' title='bbox 1154 1801 1226 1882; x_wconf 85' lang='lat' dir='ltr'><strong>(frg.</strong></span> <span class='ocrx_word' id='word_1_121' title='bbox 1242 1801 1283 1866; x_wconf 93' lang='lat' dir='ltr'><strong>de</strong></span> 
     </span>
     <span class='ocr_line' id='line_1_15' title="bbox 120 1900 1283 1986; baseline 0 -20"><span class='ocrx_word' id='word_1_122' title='bbox 120 1902 255 1968; x_wconf 88' lang='lat' dir='ltr'><strong>cometis</strong></span> <span class='ocrx_word' id='word_1_123' title='bbox 277 1903 502 1986; x_wconf 81' lang='lat' dir='ltr'><strong>similibusque</strong></span> <span class='ocrx_word' id='word_1_124' title='bbox 516 1902 718 1985; x_wconf 81' lang='lat' dir='ltr'><strong>phasmatis).</strong></span> <span class='ocrx_word' id='word_1_125' title='bbox 753 1900 850 1980; x_wconf 80' lang='lat' dir='ltr'><strong>Quod</strong></span> <span class='ocrx_word' id='word_1_126' title='bbox 865 1923 943 1969; x_wconf 89' lang='lat' dir='ltr'><strong>vero</strong></span> <span class='ocrx_word' id='word_1_127' title='bbox 958 1903 1047 1968; x_wconf 89' lang='lat' dir='ltr'><strong>nullo</strong></span> <span class='ocrx_word' id='word_1_128' title='bbox 1062 1902 1135 1967; x_wconf 89' lang='lat' dir='ltr'><strong>loco</strong></span> <span class='ocrx_word' id='word_1_129' title='bbox 1150 1901 1283 1967; x_wconf 85' lang='lat' dir='ltr'><strong>Arrbia·</strong></span> 
     </span>
     <span class='ocr_line' id='line_1_16' title="bbox 117 2002 1282 2087; baseline 0.003 -21"><span class='ocrx_word' id='word_1_130' title='bbox 117 2021 196 2067; x_wconf 94' lang='lat' dir='ltr'><strong>num</strong></span> <span class='ocrx_word' id='word_1_131' title='bbox 208 2002 242 2067; x_wconf 94' lang='lat' dir='ltr'><strong>id</strong></span> <span class='ocrx_word' id='word_1_132' title='bbox 253 2023 350 2086; x_wconf 88' lang='lat' dir='ltr'><strong>egere</strong></span> <span class='ocrx_word' id='word_1_133' title='bbox 363 2004 509 2070; x_wconf 90' lang='lat' dir='ltr'><strong>videmus</strong></span> <span class='ocrx_word' id='word_1_134' title='bbox 522 2011 556 2070; x_wconf 89' lang='lat' dir='ltr'><strong>ut</strong></span> <span class='ocrx_word' id='word_1_135' title='bbox 567 2004 701 2070; x_wconf 89' lang='lat' dir='ltr'><strong>cometis</strong></span> <span class='ocrx_word' id='word_1_136' title='bbox 714 2005 893 2087; x_wconf 87' lang='lat' dir='ltr'><strong>ceterisque</strong></span> <span class='ocrx_word' id='word_1_137' title='bbox 905 2003 1084 2087; x_wconf 88' lang='lat' dir='ltr'><strong>phasmatis</strong></span> <span class='ocrx_word' id='word_1_138' title='bbox 1096 2004 1143 2068; x_wconf 94' lang='lat' dir='ltr'><strong>nil</strong></span> <span class='ocrx_word' id='word_1_139' title='bbox 1154 2011 1282 2087; x_wconf 89' lang='lat' dir='ltr'><strong>porten-</strong></span> 
     </span>
     <span class='ocr_line' id='line_1_17' title="bbox 119 2101 1282 2189; baseline 0.004 -22"><span class='ocrx_word' id='word_1_140' title='bbox 119 2101 155 2167; x_wconf 93' lang='lat' dir='ltr'><strong>di</strong></span> <span class='ocrx_word' id='word_1_141' title='bbox 177 2101 383 2188; x_wconf 83' lang='lat' dir='ltr'><strong>demonstret,</strong></span> <span class='ocrx_word' id='word_1_142' title='bbox 406 2106 441 2172; x_wconf 93' lang='lat' dir='ltr'><strong>id</strong></span> <span class='ocrx_word' id='word_1_143' title='bbox 463 2106 619 2172; x_wconf 84' lang='lat' dir='ltr'><strong>facillime</strong></span> <span class='ocrx_word' id='word_1_144' title='bbox 632 2125 675 2171; x_wconf 90' lang='lat' dir='ltr'><strong>ex</strong></span> <span class='ocrx_word' id='word_1_145' title='bbox 690 2125 730 2172; x_wconf 91' lang='lat' dir='ltr'><strong>eo</strong></span> <span class='ocrx_word' id='word_1_146' title='bbox 746 2107 927 2189; x_wconf 82' lang='lat' dir='ltr'><strong>explicatur</strong></span> <span class='ocrx_word' id='word_1_147' title='bbox 942 2105 1031 2188; x_wconf 91' lang='lat' dir='ltr'><strong>quod</strong></span> <span class='ocrx_word' id='word_1_148' title='bbox 1044 2125 1109 2171; x_wconf 89' lang='lat' dir='ltr'><strong>non</strong></span> <span class='ocrx_word' id='word_1_149' title='bbox 1124 2107 1282 2189; x_wconf 90' lang='lat' dir='ltr'><strong>integram</strong></span> 
     </span>
     <span class='ocr_line' id='line_1_18' title="bbox 117 2203 1283 2291; baseline 0.004 -23"><span class='ocrx_word' id='word_1_150' title='bbox 117 2203 271 2271; x_wconf 89' lang='lat' dir='ltr'><strong>Arrhiani</strong></span> <span class='ocrx_word' id='word_1_151' title='bbox 283 2207 588 2290; x_wconf 78' lang='lat' dir='ltr'><strong>disputatiunculam</strong></span> <span class='ocrx_word' id='word_1_152' title='bbox 601 2214 757 2290; x_wconf 86' lang='lat' dir='ltr'><strong>tenemur,</strong></span> <span class='ocrx_word' id='word_1_153' title='bbox 774 2207 1032 2291; x_wconf 85' lang='lat' dir='ltr'><strong>sodexcerptum</strong></span> <span class='ocrx_word' id='word_1_154' title='bbox 1044 2212 1178 2290; x_wconf 83' lang='lat' dir='ltr'><strong>tantum,</strong></span> <span class='ocrx_word' id='word_1_155' title='bbox 1196 2207 1283 2290; x_wconf 91' lang='lat' dir='ltr'><strong>quod</strong></span> 
     </span>
     <span class='ocr_line' id='line_1_19' title="bbox 119 2307 1283 2391; baseline 0.002 -19"><span class='ocrx_word' id='word_1_156' title='bbox 119 2307 191 2374; x_wconf 90' lang='lat' dir='ltr'><strong>eius</strong></span> <span class='ocrx_word' id='word_1_157' title='bbox 206 2307 409 2375; x_wconf 88' lang='lat' dir='ltr'><strong>definitiones</strong></span> <span class='ocrx_word' id='word_1_158' title='bbox 426 2315 458 2375; x_wconf 92' lang='lat' dir='ltr'><strong>et</strong></span> <span class='ocrx_word' id='word_1_159' title='bbox 473 2309 641 2391; x_wconf 83' lang='lat' dir='ltr'><strong>generales</strong></span> <span class='ocrx_word' id='word_1_160' title='bbox 656 2311 831 2375; x_wconf 89' lang='lat' dir='ltr'><strong>sententias</strong></span> <span class='ocrx_word' id='word_1_161' title='bbox 847 2309 889 2374; x_wconf 94' lang='lat' dir='ltr'><strong>de</strong></span> <span class='ocrx_word' id='word_1_162' title='bbox 904 2315 1019 2375; x_wconf 87' lang='lat' dir='ltr'><strong>natura</strong></span> <span class='ocrx_word' id='word_1_163' title='bbox 1033 2309 1161 2374; x_wconf 87' lang='lat' dir='ltr'><strong>illarum</strong></span> <span class='ocrx_word' id='word_1_164' title='bbox 1176 2329 1283 2374; x_wconf 91' lang='lat' dir='ltr'><strong>rerum</strong></span> 
     </span>
     <span class='ocr_line' id='line_1_20' title="bbox 117 2407 1282 2494; baseline 0.002 -21"><span class='ocrx_word' id='word_1_165' title='bbox 117 2407 283 2476; x_wconf 87' lang='lat' dir='ltr'><strong>exhibeat.</strong></span> <span class='ocrx_word' id='word_1_166' title='bbox 317 2411 491 2476; x_wconf 86' lang='lat' dir='ltr'><strong>Praeterea</strong></span> <span class='ocrx_word' id='word_1_167' title='bbox 512 2410 600 2494; x_wconf 87' lang='lat' dir='ltr'><strong>apud</strong></span> <span class='ocrx_word' id='word_1_168' title='bbox 616 2409 791 2476; x_wconf 89' lang='lat' dir='ltr'><strong>Stobaeum</strong></span> <span class='ocrx_word' id='word_1_169' title='bbox 807 2410 893 2476; x_wconf 88' lang='lat' dir='ltr'><strong>duae</strong></span> <span class='ocrx_word' id='word_1_170' title='bbox 908 2411 1070 2493; x_wconf 84' lang='lat' dir='ltr'><strong>longiores</strong></span> <span class='ocrx_word' id='word_1_171' title='bbox 1086 2411 1156 2476; x_wconf 89' lang='lat' dir='ltr'><strong>eius</strong></span> <span class='ocrx_word' id='word_1_172' title='bbox 1171 2409 1282 2494; x_wconf 93' lang='lat' dir='ltr'><strong>dispu-</strong></span> 
     </span>
     <span class='ocr_line' id='line_1_21' title="bbox 118 2510 1282 2596; baseline 0.001 -21"><span class='ocrx_word' id='word_1_173' title='bbox 118 2511 258 2579; x_wconf 90' lang='lat' dir='ltr'><strong>tationes</strong></span> <span class='ocrx_word' id='word_1_174' title='bbox 281 2519 410 2580; x_wconf 84' lang='lat' dir='ltr'><strong>cxstant</strong></span> <span class='ocrx_word' id='word_1_175' title='bbox 431 2532 566 2596; x_wconf 88' lang='lat' dir='ltr'><strong>quarum</strong></span> <span class='ocrx_word' id='word_1_176' title='bbox 585 2513 675 2596; x_wconf 91' lang='lat' dir='ltr'><strong>prior</strong></span> <span class='ocrx_word' id='word_1_177' title='bbox 696 2511 749 2590; x_wconf 86' lang='lat' dir='ltr'><strong>(cf.</strong></span> <span class='ocrx_word' id='word_1_178' title='bbox 765 2532 797 2595; x_wconf 90' lang='lat' dir='ltr'><strong>p.</strong></span> <span class='ocrx_word' id='word_1_179' title='bbox 814 2514 887 2596; x_wconf 83' lang='lat'><strong>235,</strong></span> <span class='ocrx_word' id='word_1_180' title='bbox 906 2514 1023 2594; x_wconf 83' lang='lat' dir='ltr'><strong>tosqq.</strong></span> <span class='ocrx_word' id='word_1_181' title='bbox 1039 2511 1103 2588; x_wconf 86' lang='lat' dir='ltr'><strong>W.)</strong></span> <span class='ocrx_word' id='word_1_182' title='bbox 1119 2510 1161 2576; x_wconf 89' lang='lat' dir='ltr'><strong>de</strong></span> <span class='ocrx_word' id='word_1_183' title='bbox 1175 2511 1282 2576; x_wconf 86' lang='lat' dir='ltr'><strong>fulmi-</strong></span> 
     </span>
    </p>
   </div>
   <div class='ocr_carea' id='block_1_4' title="bbox 118 2613 1385 2698">
    <p class='ocr_par' dir='ltr' id='par_1_4' title="bbox 118 2613 1385 2698">
     <span class='ocr_line' id='line_1_22' title="bbox 118 2613 1385 2698; baseline -0.001 -20"><span class='ocrx_word' id='word_1_184' title='bbox 118 2613 225 2698; x_wconf 91' lang='lat' dir='ltr'><strong>nibus,</strong></span> <span class='ocrx_word' id='word_1_185' title='bbox 249 2616 429 2698; x_wconf 87' lang='lat' dir='ltr'><strong>tonitribus,</strong></span> <span class='ocrx_word' id='word_1_186' title='bbox 450 2615 521 2680; x_wconf 92' lang='lat' dir='ltr'><strong>sim.</strong></span> <span class='ocrx_word' id='word_1_187' title='bbox 535 2613 632 2679; x_wconf 90' lang='lat' dir='ltr'><strong>rebus</strong></span> <span class='ocrx_word' id='word_1_188' title='bbox 648 2619 706 2696; x_wconf 89' lang='lat' dir='ltr'><strong>est,</strong></span> <span class='ocrx_word' id='word_1_189' title='bbox 721 2614 882 2698; x_wconf 87' lang='lat' dir='ltr'><strong>posterior</strong></span> <span class='ocrx_word' id='word_1_190' title='bbox 897 2614 951 2692; x_wconf 85' lang='lat' dir='ltr'><strong>(cf.</strong></span> <span class='ocrx_word' id='word_1_191' title='bbox 966 2634 999 2697; x_wconf 89' lang='lat' dir='ltr'><strong>p.</strong></span> <span class='ocrx_word' id='word_1_192' title='bbox 1016 2615 1089 2696; x_wconf 85' lang='grc'><strong>246,</strong></span> <span class='ocrx_word' id='word_1_193' title='bbox 1107 2615 1204 2697; x_wconf 83' lang='lat' dir='ltr'><strong>2sqq.</strong></span> <span class='ocrx_word' id='word_1_194' title='bbox 1220 2613 1283 2690; x_wconf 90' lang='lat' dir='ltr'><strong>W.)</strong></span> <span class='ocrx_word' id='word_1_195' title='bbox 1384 2628 1385 2632; x_wconf 71' lang='grc'>’</span> 
     </span>
    </p>
   </div>
   <div class='ocr_carea' id='block_1_5' title="bbox 116 2714 1282 4224">
    <p class='ocr_par' dir='ltr' id='par_1_5' title="bbox 116 2714 1282 3309">
     <span class='ocr_line' id='line_1_23' title="bbox 121 2714 1282 2800; baseline 0 -20"><span class='ocrx_word' id='word_1_196' title='bbox 121 2715 165 2780; x_wconf 88' lang='lat' dir='ltr'><strong>de</strong></span> <span class='ocrx_word' id='word_1_197' title='bbox 187 2716 314 2798; x_wconf 89' lang='lat' dir='ltr'><strong>nebula,</strong></span> <span class='ocrx_word' id='word_1_198' title='bbox 329 2717 452 2800; x_wconf 87' lang='lat' dir='ltr'><strong>pluvia,</strong></span> <span class='ocrx_word' id='word_1_199' title='bbox 468 2716 510 2781; x_wconf 89' lang='lat' dir='ltr'><strong>al.</strong></span> <span class='ocrx_word' id='word_1_200' title='bbox 528 2718 600 2781; x_wconf 93' lang='lat' dir='ltr'><strong>sim.</strong></span> <span class='ocrx_word' id='word_1_201' title='bbox 632 2715 779 2800; x_wconf 88' lang='lat' dir='ltr'><strong>Adparet</strong></span> <span class='ocrx_word' id='word_1_202' title='bbox 793 2714 891 2782; x_wconf 87' lang='lat' dir='ltr'><strong>hasce</strong></span> <span class='ocrx_word' id='word_1_203' title='bbox 907 2715 1142 2800; x_wconf 85' lang='lat' dir='ltr'><strong>disputationes</strong></span> <span class='ocrx_word' id='word_1_204' title='bbox 1157 2735 1230 2780; x_wconf 92' lang='lat' dir='ltr'><strong>nou·</strong></span> <span class='ocrx_word' id='word_1_205' title='bbox 1240 2735 1282 2780; x_wconf 87' lang='lat' dir='ltr'><strong>ex</strong></span> 
     </span>
     <span class='ocr_line' id='line_1_24' title="bbox 117 2816 1282 2902; baseline -0.001 -19"><span class='ocrx_word' id='word_1_206' title='bbox 117 2836 158 2883; x_wconf 91' lang='lat' dir='ltr'><strong>ec</strong></span> <span class='ocrx_word' id='word_1_207' title='bbox 189 2817 272 2883; x_wconf 92' lang='lat' dir='ltr'><strong>libro</strong></span> <span class='ocrx_word' id='word_1_208' title='bbox 303 2818 489 2902; x_wconf 88' lang='lat' dir='ltr'><strong>desumptas</strong></span> <span class='ocrx_word' id='word_1_209' title='bbox 519 2837 590 2884; x_wconf 89' lang='lat' dir='ltr'><strong>esse</strong></span> <span class='ocrx_word' id='word_1_210' title='bbox 619 2836 715 2900; x_wconf 89' lang='lat' dir='ltr'><strong>quem</strong></span> <span class='ocrx_word' id='word_1_211' title='bbox 738 2823 896 2884; x_wconf 87' lang='lat' dir='ltr'><strong>memorat</strong></span> <span class='ocrx_word' id='word_1_212' title='bbox 918 2816 1193 2900; x_wconf 75' lang='lat' dir='ltr'><strong>Agatharchides,</strong></span> <span class='ocrx_word' id='word_1_213' title='bbox 1224 2816 1282 2882; x_wconf 93' lang='lat' dir='ltr'><strong>sed</strong></span> 
     </span>
     <span class='ocr_line' id='line_1_25' title="bbox 117 2913 1280 3004; baseline 0 -20"><span class='ocrx_word' id='word_1_214' title='bbox 117 2939 162 2984; x_wconf 87' lang='lat' dir='ltr'><strong>ox</strong></span> <span class='ocrx_word' id='word_1_215' title='bbox 189 2920 255 2985; x_wconf 89' lang='lat' dir='ltr'><strong>alio</strong></span> <span class='ocrx_word' id='word_1_216' title='bbox 285 2922 338 2986; x_wconf 87' lang='lat' dir='ltr'><strong>vel</strong></span> <span class='ocrx_word' id='word_1_217' title='bbox 366 2921 472 3004; x_wconf 90' lang='lat' dir='ltr'><strong>potius</strong></span> <span class='ocrx_word' id='word_1_218' title='bbox 501 2921 575 2986; x_wconf 85' lang='lat' dir='ltr'><strong>aliis</strong></span> <span class='ocrx_word' id='word_1_219' title='bbox 604 2921 782 3003; x_wconf 91' lang='lat' dir='ltr'><strong>scripturae</strong></span> <span class='ocrx_word' id='word_1_220' title='bbox 808 2913 880 2986; x_wconf 82' lang='lat' dir='ltr'><strong>‘De</strong></span> <span class='ocrx_word' id='word_1_221' title='bbox 908 2919 1088 2985; x_wconf 85' lang='lat' dir='ltr'><strong>meteoris.</strong></span> <span class='ocrx_word' id='word_1_222' title='bbox 1133 2918 1280 2998; x_wconf 79' lang='lat' dir='ltr'><strong>Quodsi</strong></span> 
     </span>
     <span class='ocr_line' id='line_1_26' title="bbox 117 3019 1281 3106; baseline -0.001 -19"><span class='ocrx_word' id='word_1_223' title='bbox 117 3019 201 3088; x_wconf 84' lang='lat' dir='ltr'><strong>baec</strong></span> <span class='ocrx_word' id='word_1_224' title='bbox 225 3041 322 3104; x_wconf 87' lang='lat' dir='ltr'><strong>quam</strong></span> <span class='ocrx_word' id='word_1_225' title='bbox 345 3042 406 3105; x_wconf 90' lang='lat' dir='ltr'><strong>ego</strong></span> <span class='ocrx_word' id='word_1_226' title='bbox 431 3024 565 3106; x_wconf 88' lang='lat' dir='ltr'><strong>concepi</strong></span> <span class='ocrx_word' id='word_1_227' title='bbox 587 3023 695 3105; x_wconf 89' lang='lat' dir='ltr'><strong>imago</strong></span> <span class='ocrx_word' id='word_1_228' title='bbox 718 3020 821 3086; x_wconf 88' lang='lat' dir='ltr'><strong>libelli</strong></span> <span class='ocrx_word' id='word_1_229' title='bbox 839 3021 1012 3087; x_wconf 88' lang='lat' dir='ltr'><strong>Arrhieuei</strong></span> <span class='ocrx_word' id='word_1_230' title='bbox 1034 3040 1113 3086; x_wconf 83' lang='lat' dir='ltr'><strong>vera</strong></span> <span class='ocrx_word' id='word_1_231' title='bbox 1135 3027 1194 3105; x_wconf 88' lang='lat' dir='ltr'><strong>cst,</strong></span> <span class='ocrx_word' id='word_1_232' title='bbox 1218 3029 1281 3088; x_wconf 89' lang='lat' dir='ltr'><strong>sta·</strong></span> 
     </span>
     <span class='ocr_line' id='line_1_27' title="bbox 116 3122 1281 3206; baseline 0 -18"><span class='ocrx_word' id='word_1_233' title='bbox 116 3122 274 3190; x_wconf 88' lang='lat' dir='ltr'><strong>tuendum</strong></span> <span class='ocrx_word' id='word_1_234' title='bbox 297 3129 346 3189; x_wconf 91' lang='lat' dir='ltr'><strong>est</strong></span> <span class='ocrx_word' id='word_1_235' title='bbox 360 3123 555 3188; x_wconf 88' lang='lat' dir='ltr'><strong>Arrbienum</strong></span> <span class='ocrx_word' id='word_1_236' title='bbox 578 3143 692 3189; x_wconf 90' lang='lat' dir='ltr'><strong>vocem</strong></span> <span class='ocrx_word' id='word_1_237' title='bbox 710 3129 875 3188; x_wconf 88' lang='lat' dir='ltr'><strong>meteorou</strong></span> <span class='ocrx_word' id='word_1_238' title='bbox 890 3129 1001 3189; x_wconf 75' lang='lat' dir='ltr'><strong>ruetere</strong></span> <span class='ocrx_word' id='word_1_239' title='bbox 1017 3141 1113 3189; x_wconf 90' lang='lat' dir='ltr'><strong>sensu</strong></span> <span class='ocrx_word' id='word_1_240' title='bbox 1129 3143 1192 3206; x_wconf 93' lang='lat' dir='ltr'><strong>quo</strong></span> <span class='ocrx_word' id='word_1_241' title='bbox 1208 3143 1281 3189; x_wconf 88' lang='lat' dir='ltr'><strong>cae·</strong></span> 
     </span>
     <span class='ocr_line' id='line_1_28' title="bbox 117 3224 983 3309; baseline 0.001 -18"><span class='ocrx_word' id='word_1_242' title='bbox 117 3226 215 3293; x_wconf 85' lang='lat' dir='ltr'><strong>lestia</strong></span> <span class='ocrx_word' id='word_1_243' title='bbox 237 3232 270 3291; x_wconf 90' lang='lat' dir='ltr'><strong>et</strong></span> <span class='ocrx_word' id='word_1_244' title='bbox 291 3225 443 3292; x_wconf 91' lang='lat' dir='ltr'><strong>sublimia</strong></span> <span class='ocrx_word' id='word_1_245' title='bbox 464 3224 778 3308; x_wconf 89' lang='lat' dir='ltr'><strong>comprehenduntur</strong></span> <span class='ocrx_word' id='word_1_246' title='bbox 799 3244 983 3309; x_wconf 87' lang='lat' dir='ltr'><strong>usurpasse.</strong></span> 
     </span>
    </p>

    <p class='ocr_par' dir='ltr' id='par_1_6' title="bbox 116 3319 1281 3720">
     <span class='ocr_line' id='line_1_29' title="bbox 204 3319 1281 3411; baseline 0 -19"><span class='ocrx_word' id='word_1_247' title='bbox 204 3327 354 3411; x_wconf 88' lang='lat' dir='ltr'><strong>Denique</strong></span> <span class='ocrx_word' id='word_1_248' title='bbox 377 3347 450 3393; x_wconf 91' lang='lat' dir='ltr'><strong>cum</strong></span> <span class='ocrx_word' id='word_1_249' title='bbox 472 3327 637 3393; x_wconf 88' lang='lat' dir='ltr'><strong>veteribus</strong></span> <span class='ocrx_word' id='word_1_250' title='bbox 658 3327 737 3391; x_wconf 87' lang='lat' dir='ltr'><strong>facit</strong></span> <span class='ocrx_word' id='word_1_251' title='bbox 751 3325 908 3392; x_wconf 88' lang='lat' dir='ltr'><strong>Strabo.</strong></span> <span class='ocrx_word' id='word_1_252' title='bbox 945 3327 984 3392; x_wconf 93' lang='lat' dir='ltr'><strong>ln</strong></span> <span class='ocrx_word' id='word_1_253' title='bbox 1006 3328 1096 3393; x_wconf 90' lang='lat' dir='ltr'><strong>cuius</strong></span> <span class='ocrx_word' id='word_1_254' title='bbox 1116 3319 1281 3410; x_wconf 79' lang='lat' dir='ltr'><strong>‘Gangra-</strong></span> 
     </span>
     <span class='ocr_line' id='line_1_30' title="bbox 116 3417 1281 3514; baseline -0.003 -20"><span class='ocrx_word' id='word_1_255' title='bbox 116 3420 230 3514; x_wconf 83' lang='lat' dir='ltr'><strong>pbiae&#39;</strong></span> <span class='ocrx_word' id='word_1_256' title='bbox 249 3429 332 3494; x_wconf 90' lang='lat' dir='ltr'><strong>libro</strong></span> <span class='ocrx_word' id='word_1_257' title='bbox 344 3429 360 3493; x_wconf 92' lang='lat'>1</span> <span class='ocrx_word' id='word_1_258' title='bbox 374 3447 406 3511; x_wconf 92' lang='lat' dir='ltr'><strong>p.</strong></span> <span class='ocrx_word' id='word_1_259' title='bbox 421 3432 536 3510; x_wconf 84' lang='lat' dir='ltr'><strong>13sqq.</strong></span> <span class='ocrx_word' id='word_1_260' title='bbox 548 3428 584 3494; x_wconf 83' lang='lat'><strong>0.</strong></span> <span class='ocrx_word' id='word_1_261' title='bbox 601 3427 682 3496; x_wconf 87' lang='lat' dir='ltr'><strong>baec</strong></span> <span class='ocrx_word' id='word_1_262' title='bbox 696 3428 891 3510; x_wconf 87' lang='lat' dir='ltr'><strong>reperimus:</strong></span> <span class='ocrx_word' id='word_1_263' title='bbox 908 3418 1056 3504; x_wconf 73' lang='grc' dir='ltr'><em>ἅπαντες</em></span> <span class='ocrx_word' id='word_1_264' title='bbox 1071 3417 1148 3492; x_wconf 81' lang='grc' dir='ltr'><em>ὅσοι</em></span> <span class='ocrx_word' id='word_1_265' title='bbox 1163 3423 1281 3492; x_wconf 77' lang='grc' dir='ltr'><em>τόπων</em></span> 
     </span>
     <span class='ocr_line' id='line_1_31' title="bbox 117 3525 1281 3616; baseline -0.004 -20"><span class='ocrx_word' id='word_1_266' title='bbox 117 3528 291 3616; x_wconf 80' lang='grc' dir='ltr'><em>ἰδιότητας</em></span> <span class='ocrx_word' id='word_1_267' title='bbox 313 3529 419 3614; x_wconf 82' lang='grc' dir='ltr'><em>λέγειν</em></span> <span class='ocrx_word' id='word_1_268' title='bbox 442 3525 679 3613; x_wconf 78' lang='grc' dir='ltr'><em>ἐπιχειροῦσιν,</em></span> <span class='ocrx_word' id='word_1_269' title='bbox 704 3526 835 3605; x_wconf 82' lang='grc' dir='ltr'><em>οἰκείως</em></span> <span class='ocrx_word' id='word_1_270' title='bbox 857 3529 1117 3615; x_wconf 77' lang='grc' dir='ltr'><em>προοάτττσνται</em></span> <span class='ocrx_word' id='word_1_271' title='bbox 1139 3529 1195 3593; x_wconf 87' lang='grc' dir='ltr'><strong>καὶ</strong></span> <span class='ocrx_word' id='word_1_272' title='bbox 1212 3529 1281 3592; x_wconf 87' lang='grc' dir='ltr'><em>τῶν</em></span> 
     </span>
     <span class='ocr_line' id='line_1_32' title="bbox 118 3622 1280 3720; baseline -0.006 -22"><span class='ocrx_word' id='word_1_273' title='bbox 118 3624 284 3717; x_wconf 76' lang='grc' dir='ltr'><em>οὐρανίων</em></span> <span class='ocrx_word' id='word_1_274' title='bbox 294 3635 318 3711; x_wconf 75' lang='lat'><strong>²)</strong></span> <span class='ocrx_word' id='word_1_275' title='bbox 340 3633 397 3697; x_wconf 83' lang='grc' dir='ltr'><strong>καὶ</strong></span> <span class='ocrx_word' id='word_1_276' title='bbox 419 3635 633 3716; x_wconf 86' lang='grc' dir='ltr'><em>γεωμετρίας,</em></span> <span class='ocrx_word' id='word_1_277' title='bbox 658 3629 811 3720; x_wconf 80' lang='grc' dir='ltr'><em>σχήματα</em></span> <span class='ocrx_word' id='word_1_278' title='bbox 833 3632 888 3696; x_wconf 87' lang='grc' dir='ltr'><strong>καὶ</strong></span> <span class='ocrx_word' id='word_1_279' title='bbox 911 3634 1038 3716; x_wconf 75' lang='grc' dir='ltr'><em>μεγέθη</em></span> <span class='ocrx_word' id='word_1_280' title='bbox 1054 3632 1109 3696; x_wconf 81' lang='grc' dir='ltr'><strong>καὶ</strong></span> <span class='ocrx_word' id='word_1_281' title='bbox 1127 3622 1280 3714; x_wconf 75' lang='grc' dir='ltr'><em>ἀποστή-</em></span> 
     </span>
    </p>

    <p class='ocr_par' dir='ltr' id='par_1_7' title="bbox 116 3808 1282 4055">
     <span class='ocr_line' id='line_1_33' title="bbox 206 3808 1281 3888; baseline -0.003 -17"><span class='ocrx_word' id='word_1_282' title='bbox 206 3821 230 3883; x_wconf 90' lang='grc'><strong>1)</strong></span> <span class='ocrx_word' id='word_1_283' title='bbox 249 3815 411 3871; x_wconf 90' lang='lat' dir='ltr'><strong>Posidouius</strong></span> <span class='ocrx_word' id='word_1_284' title='bbox 430 3815 538 3884; x_wconf 87' lang='lat' dir='ltr'><strong>quidem</strong></span> <span class='ocrx_word' id='word_1_285' title='bbox 555 3815 592 3870; x_wconf 37' lang='lat' dir='ltr'><strong>in*</strong></span> <span class='ocrx_word' id='word_1_286' title='bbox 602 3810 695 3871; x_wconf 83' lang='lat' dir='ltr'><strong>libris‘</strong></span> <span class='ocrx_word' id='word_1_287' title='bbox 705 3819 772 3888; x_wconf 82' lang='grc' dir='ltr'><em>περὶ</em></span> <span class='ocrx_word' id='word_1_288' title='bbox 782 3808 951 3888; x_wconf 80' lang='grc' dir='ltr'><em>μετεώρων’</em></span> <span class='ocrx_word' id='word_1_289' title='bbox 963 3814 1177 3883; x_wconf 83' lang='lat' dir='ltr'><strong>magnitudinem</strong></span> <span class='ocrx_word' id='word_1_290' title='bbox 1188 3817 1281 3868; x_wconf 86' lang='lat' dir='ltr'><strong>terrae</strong></span> 
     </span>
     <span class='ocr_line' id='line_1_34' title="bbox 118 3896 1282 3972; baseline -0.003 -15"><span class='ocrx_word' id='word_1_291' title='bbox 118 3901 266 3970; x_wconf 84' lang='lat' dir='ltr'><strong>acquisivit</strong></span> <span class='ocrx_word' id='word_1_292' title='bbox 288 3900 395 3969; x_wconf 86' lang='lat' dir='ltr'><strong>hacque</strong></span> <span class='ocrx_word' id='word_1_293' title='bbox 419 3900 625 3968; x_wconf 88' lang='lat' dir='ltr'><strong>computatione</strong></span> <span class='ocrx_word' id='word_1_294' title='bbox 647 3900 734 3955; x_wconf 81' lang='lat' dir='ltr'><strong>frctus</strong></span> <span class='ocrx_word' id='word_1_295' title='bbox 751 3907 852 3956; x_wconf 86' lang='lat' dir='ltr'><strong>terram</strong></span> <span class='ocrx_word' id='word_1_296' title='bbox 869 3900 966 3972; x_wconf 90' lang='lat' dir='ltr'><strong>puncti</strong></span> <span class='ocrx_word' id='word_1_297' title='bbox 983 3901 1070 3954; x_wconf 81' lang='lat' dir='ltr'><strong>instar</strong></span> <span class='ocrx_word' id='word_1_298' title='bbox 1087 3913 1148 3954; x_wconf 89' lang='lat' dir='ltr'><strong>esse</strong></span> <span class='ocrx_word' id='word_1_299' title='bbox 1164 3896 1200 3953; x_wconf 87' lang='lat' dir='ltr'><strong>ad</strong></span> <span class='ocrx_word' id='word_1_300' title='bbox 1219 3913 1282 3953; x_wconf 87' lang='lat' dir='ltr'><strong>cae-</strong></span> 
     </span>
     <span class='ocr_line' id='line_1_35' title="bbox 116 3983 1140 4055; baseline -0.004 -14"><span class='ocrx_word' id='word_1_301' title='bbox 116 3987 173 4041; x_wconf 94' lang='lat' dir='ltr'><strong>lum</strong></span> <span class='ocrx_word' id='word_1_302' title='bbox 191 3985 319 4041; x_wconf 88' lang='lat' dir='ltr'><strong>ostendit.</strong></span> <span class='ocrx_word' id='word_1_303' title='bbox 356 3983 397 4039; x_wconf 83' lang='lat' dir='ltr'><strong>Gt.</strong></span> <span class='ocrx_word' id='word_1_304' title='bbox 416 3984 515 4038; x_wconf 84' lang='lat' dir='ltr'><strong>Oleum.</strong></span> <span class='ocrx_word' id='word_1_305' title='bbox 533 3983 650 4039; x_wconf 72' lang='lat' dir='ltr'><strong>‘Theon</strong></span> <span class='ocrx_word' id='word_1_306' title='bbox 670 3983 751 4055; x_wconf 64' lang='lat' dir='ltr'><strong>cycl?</strong></span> <span class='ocrx_word' id='word_1_307' title='bbox 769 3987 787 4040; x_wconf 97' lang='lat' dir='ltr'><strong>l.</strong></span> <span class='ocrx_word' id='word_1_308' title='bbox 805 3986 819 4038; x_wconf 98' lang='grc' dir='ltr'>Ι</span> <span class='ocrx_word' id='word_1_309' title='bbox 837 4001 861 4040; x_wconf 90' lang='grc' dir='ltr'><em>ε.</em></span> <span class='ocrx_word' id='word_1_310' title='bbox 874 3984 915 4039; x_wconf 89' lang='lat' dir='ltr'><strong>XI</strong></span> <span class='ocrx_word' id='word_1_311' title='bbox 931 4001 959 4053; x_wconf 91' lang='lat' dir='ltr'><strong>p.</strong></span> <span class='ocrx_word' id='word_1_312' title='bbox 978 3987 1025 4038; x_wconf 83' lang='grc'><strong>102</strong></span> <span class='ocrx_word' id='word_1_313' title='bbox 1033 3999 1091 4052; x_wconf 86' lang='lat' dir='ltr'><strong>sqq.</strong></span> <span class='ocrx_word' id='word_1_314' title='bbox 1110 3983 1140 4037; x_wconf 90' lang='lat' dir='ltr'><strong>Z.</strong></span> 
     </span>
    </p>

    <p class='ocr_par' dir='ltr' id='par_1_8' title="bbox 116 4063 1279 4224">
     <span class='ocr_line' id='line_1_36' title="bbox 205 4063 1279 4142; baseline -0.003 -17"><span class='ocrx_word' id='word_1_315' title='bbox 205 4077 231 4138; x_wconf 89' lang='grc'><strong>2)</strong></span> <span class='ocrx_word' id='word_1_316' title='bbox 251 4063 374 4142; x_wconf 78' lang='grc' dir='ltr'><strong>Οὐράνια</strong></span> <span class='ocrx_word' id='word_1_317' title='bbox 393 4070 419 4123; x_wconf 89' lang='lat' dir='ltr'><strong>ei</strong></span> <span class='ocrx_word' id='word_1_318' title='bbox 437 4074 501 4124; x_wconf 90' lang='lat' dir='ltr'><strong>sunt</strong></span> <span class='ocrx_word' id='word_1_319' title='bbox 519 4069 609 4124; x_wconf 90' lang='lat' dir='ltr'><strong>omnia</strong></span> <span class='ocrx_word' id='word_1_320' title='bbox 626 4084 696 4138; x_wconf 86' lang='lat' dir='ltr'><strong>quae</strong></span> <span class='ocrx_word' id='word_1_321' title='bbox 708 4069 736 4124; x_wconf 89' lang='lat' dir='ltr'><strong>in</strong></span> <span class='ocrx_word' id='word_1_322' title='bbox 749 4071 823 4126; x_wconf 88' lang='lat' dir='ltr'><strong>caelo</strong></span> <span class='ocrx_word' id='word_1_323' title='bbox 836 4071 1027 4125; x_wconf 82' lang='lat' dir='ltr'><strong>observantur:</strong></span> <span class='ocrx_word' id='word_1_324' title='bbox 1047 4067 1175 4124; x_wconf 87' lang='lat' dir='ltr'><strong>caelestia</strong></span> <span class='ocrx_word' id='word_1_325' title='bbox 1187 4069 1279 4135; x_wconf 83' lang='lat' dir='ltr'><strong>(Sene-</strong></span> 
     </span>
     <span class='ocr_line' id='line_1_37' title="bbox 116 4146 1240 4224; baseline -0.005 -11"><span class='ocrx_word' id='word_1_326' title='bbox 116 4160 175 4224; x_wconf 87' lang='lat' dir='ltr'><strong>cae)</strong></span> <span class='ocrx_word' id='word_1_327' title='bbox 194 4159 223 4211; x_wconf 89' lang='lat' dir='ltr'><strong>ct</strong></span> <span class='ocrx_word' id='word_1_328' title='bbox 240 4155 374 4211; x_wconf 84' lang='lat' dir='ltr'><strong>sublimia.</strong></span> <span class='ocrx_word' id='word_1_329' title='bbox 411 4154 452 4209; x_wconf 82' lang='lat' dir='ltr'><strong>ct.</strong></span> <span class='ocrx_word' id='word_1_330' title='bbox 471 4146 654 4210; x_wconf 87' lang='lat' dir='ltr'><strong>ch.‘lllem.’</strong></span> <span class='ocrx_word' id='word_1_331' title='bbox 672 4153 767 4224; x_wconf 88' lang='lat' dir='ltr'><strong>Il,11</strong></span> <span class='ocrx_word' id='word_1_332' title='bbox 787 4160 815 4208; x_wconf 90' lang='lat' dir='ltr'><strong>et</strong></span> <span class='ocrx_word' id='word_1_333' title='bbox 832 4154 960 4223; x_wconf 86' lang='lat' dir='ltr'><strong>Sophocl.</strong></span> <span class='ocrx_word' id='word_1_334' title='bbox 974 4151 1054 4210; x_wconf 85' lang='lat' dir='ltr'><strong>‘Ocd</strong></span> <span class='ocrx_word' id='word_1_335' title='bbox 1073 4147 1116 4210; x_wconf 70' lang='lat' dir='ltr'><strong>R!</strong></span> <span class='ocrx_word' id='word_1_336' title='bbox 1134 4171 1162 4209; x_wconf 92' lang='lat' dir='ltr'><strong>u.</strong></span> <span class='ocrx_word' id='word_1_337' title='bbox 1182 4157 1240 4208; x_wconf 84' lang='lat'><strong>301.</strong></span> 
     </span>
    </p>
   </div>
   <div class='ocr_carea' id='block_1_6' title="bbox 0 0 1572 4986">
    <p class='ocr_par' dir='ltr' id='par_1_9' title="bbox 0 0 1572 4986">
     <span class='ocr_line' id='line_1_38' title="bbox 0 0 1572 4986; baseline 0 1"><span class='ocrx_word' id='word_1_338' title='bbox 0 0 1572 4986; x_wconf 95' lang='lat' dir='ltr'><strong> </strong></span> 
     </span>
    </p>
   </div>
  </div>
 </body>
</html>
