3318 4970
333 377 375 436 82
762 378 902 447 Augustus
919 377 1072 434 Jbuerccuu

336 552 498 620 rarissime
520 571 585 618 uua
608 557 641 618 et
662 551 765 618 altera
786 551 873 634 legio
895 552 1025 620 disertis
1040 551 1152 620 verbis
1169 551 1203 618 in
1218 551 1360 618 fontibus
1374 571 1495 619 momo-

336 661 423 723 retur
451 655 572 739 itaque,
601 655 718 738 quibus
746 654 929 738 legionibus
960 673 1108 739 quaeque
1138 654 1305 739 expeditio
1335 655 1423 721 facta
1444 655 1495 737 sit,

335 778 401 825 non
433 757 530 841 plane
562 757 787 841 perspiciatur,
824 754 994 824 historiam
1027 757 1167 841 legionis
1199 761 1398 841 pertractare
1431 776 1510 824 uon*

337 879 525 946 possumus,
555 859 619 926 nisi
647 859 743 926 simul
772 878 824 926 res
846 859 944 926 totius
966 861 1127 928 exercitus
1150 859 1330 926 Pannonici
1353 859 1495 944 explice-

337 983 425 1048 mus;
448 963 547 1029 etiam
569 980 680 1029 omnes
702 980 754 1029 res
776 960 853 1028 inde
868 982 889 1028 a
904 962 1037 1028 Traiani
1051 967 1159 1030 aelate
1175 980 1276 1046 usque
1291 960 1336 1027 ad
1351 967 1495 1028 exuens

336 1065 536 1150 principatus
564 1071 710 1148 tempora
738 1083 888 1132 onamare
917 1062 1031 1148 debui,
1065 1071 1101 1131 ut
1130 1083 1345 1149 exponerem,
1380 1063 1495 1147 quibus

338 1167 474 1251 singulis
495 1167 590 1234 bellis
612 1165 768 1251 deinceps
781 1167 868 1250 legio
885 1166 1090 1234 interfuisset.
1124 1165 1216 1245 Quae
1233 1172 1340 1233 tamen
1354 1166 1495 1231 narratio

338 1286 411 1338 cum
440 1273 532 1338 extra
558 1267 656 1351 finos,
692 1269 808 1352 quibus
841 1267 925 1334 hanc
958 1267 1217 1336 dissertationem
1252 1267 1496 1352 circumscripsi,

337 1370 435 1454 longo
464 1369 681 1455 egrederetur,
710 1390 830 1454 pauca,
863 1389 947 1453 quae
976 1369 1165 1437 certioribus
1195 1368 1414 1436 fundamentis
1442 1369 1496 1436 vel

337 1473 531 1540 testimoniis
552 1473 706 1556 nituntur,
729 1471 876 1539 attulisse
899 1473 977 1539 satis
1000 1471 1110 1538 habui.

423 1573 449 1638 Ι.
471 1573 613 1638 Primum
630 1570 762 1655 quidem
777 1573 939 1656 miramur,
965 1572 1054 1656 quod
1070 1573 1209 1639 militum
1232 1571 1326 1640 huius
1348 1572 1496 1656 legionis,

338 1693 421 1760 quac
450 1673 527 1740 indc
559 1694 581 1740 a
608 1674 741 1740 Traiani
774 1674 973 1758 temporibus
1006 1675 1040 1740 in
1069 1675 1201 1760 illyrico
1230 1694 1358 1759 semper
1392 1681 1497 1742 castra

338 1777 490 1861 habebat,
519 1782 584 1843 tres
614 1761 702 1861 cippi
728 1777 925 1860 sepulcrales
953 1779 1192 1853 (n.151.152.
1219 1777 1302 1853 153.)
1330 1777 1364 1842 in
1387 1777 1498 1844 Affica

338 1879 458 1964 reperti
480 1875 595 1962 sunt1),
625 1878 689 1944 dno
713 1877 903 1962 Caesareae,
934 1879 967 1944 in
990 1878 1112 1964 oppido
1135 1879 1356 1946 Mauretaniae
1379 1878 1496 1946 Gaesa-

339 1982 454 2048 riensis
483 1982 516 2047 in
546 2001 603 2048 ora
630 1981 793 2047 maritima
820 1982 899 2065 sito,
933 1981 1045 2048 tertius
1073 2000 1175 2065 prope
1204 1979 1436 2064 Carthaginem
1464 1981 1496 2046 in

339 2084 521 2169 sepulcreto
549 2083 727 2167 posteriorc
755 2084 901 2150 familiae
930 2083 1044 2150 domus
1067 2085 1249 2167 Angustam
1279 2103 1354 2148 nam
1378 2101 1421 2149 cx
1443 2083 1496 2150 sti·

339 2185 531 2271 pendicrum
552 2205 686 2252 numero
708 2186 783 2252 illos
805 2186 925 2252 milites
948 2185 1090 2252 nondum
1117 2186 1236 2252 militia
1256 2185 1443 2269 perfunctos
1464 2185 1497 2250 in

339 2288 469 2372 legione
491 2287 648 2354 militasse
670 2294 814 2372 apparet.
854 2285 996 2366 Quorum
1012 2287 1177 2353 titulorum
1193 2287 1234 2353 dc
1250 2287 1345 2353 tertio
1363 2285 1496 2370 quidem

341 2393 383 2470 (n.
408 2387 496 2473 153.)
524 2387 783 2472 Carthaginiensi
812 2409 1008 2474 quamquam
1035 2389 1115 2456 certi
1151 2389 1327 2472 quidquam
1356 2395 1499 2455 statuere

340 2493 514 2575 nonlicet,
538 2497 646 2558 tamen
661 2490 780 2558 Iulium
794 2491 948 2576 Felicem,
972 2491 1063 2558 cuius
1078 2491 1226 2558 manibus
1242 2491 1352 2557 titulus
1374 2491 1499 2574 positus

341 2601 399 2680 est,
423 2593 510 2679 quod
524 2595 557 2660 in
573 2594 770 2661 columbario
786 2591 974 2660 officialium
988 2593 1206 2678 procuratoris
1222 2593 1369 2669 (6111111.
1383 2592 1496 2677 Suppl.

268 2719 270 2724 ·
342 2698 490 2782 61335.)
502 2715 605 2780 propo
616 2695 846 2779 Carthaginem
858 2696 1085 2780 sepeliebatur,
1098 2695 1299 2779 procuratori
1309 2696 1498 2779 provinciae

341 2799 541 2866 ministrasse
568 2799 738 2882 probabile
768 2799 855 2875 est2)
900 2797 968 2866 Sed
997 2797 1062 2865 duo
1090 2799 1148 2864 alii
1176 2796 1226 2864 illi
1252 2797 1373 2864 milites
1404 2797 1499 2865 huius

430 3020 455 3081 1)
473 3016 585 3082 Quat,
605 3009 727 3072 ‘l’armto
743 3015 876 3072 Romame
899 3009 1057 3086 d’Afriquo’.
1092 3015 1178 3071 Paris.
1205 3018 1280 3070 1892.
1305 3031 1332 3086 p.
1347 3018 1409 3084 110,
1433 3018 1500 3072 mihi

342 3103 447 3160 ridetur
463 3117 521 3156 rem
538 3099 614 3155 haud
631 3105 705 3156 recto
723 3100 875 3156 definivisse
886 3100 930 3156 his
941 3101 1031 3157 verbis
1043 3116 1108 3156 usus
1120 3105 1157 3170 (p.
1171 3103 1242 3167 till:
1257 3094 1313 3156 ‘On
1331 3106 1398 3170 pout
1415 3119 1499 3172 pour·

341 3193 411 3254 tant,
428 3188 446 3244 b
464 3201 548 3244 causo
564 3185 598 3240 de
617 3184 745 3242 l’endroit
763 3185 798 3241 oh
818 3202 853 3242 on
871 3187 910 3242 les
928 3187 1127 3251 addcourcrts¹
1146 3201 1176 3240 so
1187 3185 1334 3240 demander
1346 3186 1370 3241 si
1380 3186 1420 3242 les
1432 3189 1500 3244 trois

341 3279 429 3329 textos
452 3271 571 3342 precitds
595 3269 721 3326 11111611
742 3269 760 3324 b
782 3267 880 3326 dtablir
901 3271 930 3326 la
951 3267 1084 3341 presence
1102 3269 1183 3326 d’nne
1200 3269 1358 3326 vexillation
1376 3271 1410 3328 do
1428 3277 1500 3328 cette

341 3359 431 3428 logion
453 3373 488 3412 en
504 3355 629 3425 Afrique.
664 3355 708 3411 Ne
730 3371 760 3412 se
777 3355 945 3426 quamsit-il
962 3372 1012 3426 pas
1030 3355 1140 3424 quales
1158 3355 1260 3411 soldcts
1279 3353 1346 3409 dont
1363 3355 1403 3411 les
1420 3372 1500 3412 ncms

342 3443 492 3514 yfigyrcnt
513 3442 586 3496 aiant
611 3438 655 3497 616
678 3441 925 3511 personnellement
947 3441 1061 3510 charges
1085 3440 1120 3495 de
1137 3439 1253 3508 quelque
1270 3439 1383 3495 mission
1400 3442 1501 3512 cupreo

344 3529 382 3585 du
398 3531 578 3598 procurateur
595 3526 629 3581 dc
640 3524 813 3584 Mauretania
830 3541 865 3582 en
881 3526 1023 3582 residence
1040 3525 1203 3582 bOharchel
1220 3541 1256 3580 ou
1268 3523 1369 3594 copres
1381 3525 1419 3581 du
1435 3542 1500 3596 pro·

345 3613 441 3670 consul
462 3607 516 3666 116
539 3611 557 3666 b
579 3605 743 3680 Carthagei'
761 3642 795 3652 -
817 3612 938 3667 Primum
964 3612 1034 3666 euim
1060 3610 1169 3664 titulum
1194 3609 1444 3679 carthaginiensem
1469 3617 1499 3666 61

344 3698 414 3754 1161
431 3695 500 3752 aiios
513 3696 711 3766 caesarienses,
730 3697 775 3765 qui
793 3697 952 3753 secernendi
969 3699 1042 3763 sunt,
1060 3710 1116 3750 non
1127 3694 1279 3762 distinguit.
1308 3695 1414 3752 Deinde
1426 3696 1500 3765 quod

343 3782 439 3839 fisdem
455 3779 514 3836 fero
531 3781 600 3836 locis
617 3780 815 3848 Mauretaniae,
837 3782 885 3836 nbi
904 3781 977 3851 cippi
995 3779 1162 3851 sepulcrales
1179 3779 1291 3848 legionis
1308 3779 1331 3835 1.
1349 3779 1503 3836 Adiutricis

345 3868 479 3938 prostant,
502 3865 583 3921 etiam
604 3866 720 3921 aliarum
737 3867 872 3935 legionum
889 3866 1110 3922 Pannonicorum
1127 3868 1177 3919 aut
1194 3865 1417 3919 Germanicarum
1434 3866 1503 3920 mili·

345 3953 418 4008 tibus
440 3951 513 4007 tituli
535 3951 640 4006 exarati
662 3955 736 4018 sunt,
758 3952 788 4007 id
810 3953 919 4009 omnino
936 3953 1055 4022 neglexit
1071 3952 1112 4006 uir
1128 3949 1312 4017 doctissimus,
1335 3965 1502 4021 quamquem

346 4038 382 4094 ad
398 4037 471 4094 hanc
488 4036 674 4106 quaestionem
691 4037 896 4107 disceptandam
914 4038 1023 4094 maximi
1039 4037 1168 4094 momenti
1185 4040 1235 4092 est.

434 4125 459 4188 1)
476 4121 568 4177 Etiam
584 4121 665 4177 lectio
682 4122 755 4178 tituli
772 4123 919 4193 deprecata
929 4123 1035 4179 ridetur
1051 4138 1119 4191 esse,
1137 4136 1199 4178 cum
1210 4119 1288 4177 miles
1301 4120 1504 4191 quinquaginta
