3198 4974
260 387 303 442 Dc
319 387 442 444 lontibus
459 387 584 457 Dionysii
601 387 853 442 Halicarnassensis
872 385 1045 455 quaestiones
1062 386 1162 441 variae.
1235 385 1297 446 173

125 560 253 653 dixerit
275 561 437 645 quispiam
458 560 601 627 nondum
623 560 876 630 demonstratum
899 578 971 628 esse
985 559 1191 643 Dionysium,
1213 578 1298 644 qnae

130 663 186 732 bic
208 663 345 748 profert,
375 663 440 728 iam
469 663 503 728 in
524 661 614 729 fonte
636 682 694 730 suc
723 663 896 730 invenisse.
941 658 1087 739 Quodsi
1109 662 1181 746 quis
1204 660 1296 730 dubi·

129 765 265 847 laverit,
295 763 471 834 concedam
499 783 578 832 sane
599 763 711 847 aliqua
732 783 775 831 ex
803 770 896 847 parte
918 765 993 848 illa,
1022 783 1107 849 quae
1130 761 1172 830 de
1195 761 1297 830 dicta·

131 872 223 936 turae
245 865 381 934 historia
409 873 443 932 et
463 885 523 934 usu
546 871 766 949 exponuntur,
791 883 863 933 esse
884 867 989 951 ipsius
1010 865 1180 948 Dionysii,
1202 862 1297 932 bnins

131 968 235 1052 ipsius
257 967 379 1036 iudicio
401 973 434 1036 et
455 967 603 1035 doctrina
624 967 803 1050 permixtis,
826 971 992 1050 totamque
1014 968 1079 1050 ipsi
1095 967 1297 1034 attribuerim

130 1069 289 1153 imprimis
311 1068 551 1154 paragraphum
575 1070 594 1134 6
617 1067 707 1140 (inde
721 1069 763 1136 ab
787 1065 900 1149 εἰμὲν
923 1052 981 1134 οὖν
1005 1059 1195 1152 ἀναγκαίως
1210 1069 1294 1144 ete).

104 1207 106 1211 >
130 1169 199 1238 Sua
227 1176 334 1238 tamen
364 1175 480 1254 sponte
503 1188 577 1238 eum
600 1168 712 1236 Sullae
740 1170 934 1240 dictaturam
964 1171 998 1236 in
1020 1171 1296 1253 comparationem

128 1291 266 1340 vocasse
289 1276 322 1338 et
342 1271 552 1338 acerbissima
574 1271 781 1340 damnatione
802 1271 969 1353 affecisse,
997 1291 1071 1340 meo
1099 1271 1169 1337 iure
1198 1289 1296 1352 nega·

127 1373 248 1454 verim,
278 1373 467 1457 praesertim
496 1393 570 1440 oum
598 1393 669 1458 cap.
693 1381 831 1444 exeunte
860 1374 932 1458 ipse
961 1372 1103 1456 dubitet,
1132 1392 1211 1438 num
1238 1371 1296 1438 tali

128 1474 250 1540 iudicio
273 1493 309 1542 re
330 1493 410 1540 vera
424 1473 517 1542 Sulla
532 1474 649 1556 dignus
671 1473 776 1542 fuerit.
816 1476 911 1544 Patet
932 1477 1018 1543 enim
1040 1493 1117 1542 casu
1138 1473 1210 1542 fieri
1232 1492 1297 1540 non

128 1575 291 1660 potuisse,
314 1581 350 1640 ut
370 1576 492 1659 primus
514 1575 653 1644 dictator
675 1576 713 1642 Τ.
729 1577 879 1660 Larcium
902 1577 1051 1660 quamvis
1073 1577 1145 1661 ipsc
1168 1593 1296 1658 quoque

127 1678 232 1744 minus
255 1677 422 1762 popularis
443 1677 544 1748 inisse
564 1677 735 1761 diceretur,
758 1699 856 1762 quam
872 1678 1016 1746 Cloelius
1038 1679 1175 1762 collega,
1199 1677 1296 1743 bene·

127 1778 351 1846 scientissima
369 1778 467 1846 laude
482 1777 659 1862 efferretur,
682 1781 852 1848 confestim
867 1780 1023 1865 deinceps
1039 1779 1141 1864 Sulla,
1156 1779 1297 1848 dictator

127 1881 340 1962 novissimus,
363 1880 594 1948 inimicissimis
616 1881 804 1948 obrueretur
827 1882 1020 1965 opprobriir.
1056 1883 1159 1950 Immo
1183 1879 1295 1948 dein·

128 1981 253 2048 dustria
267 1980 411 2048 Licinius
425 1981 535 2050 Macer
557 1983 595 2048 T.
607 1983 716 2050 Larcii
737 1982 852 2052 laudes
874 1985 976 2066 auxit,
999 2003 1064 2068 quc
1087 1983 1204 2051 clarius
1228 1983 1295 2050 clu·

127 2089 217 2150 ceret
237 2083 429 2167 aequalibus
451 2083 564 2152 Sullae
586 2085 750 2170 snperbia,
773 2085 900 2168 iniuria,
924 2085 1108 2154 crudelitas.

212 2184 321 2268 Atque
349 2189 385 2252 ut
410 2182 464 2252 hic
486 2184 580 2254 Sulla
607 2187 681 2269 ipse
709 2185 888 2270 inducitur,
917 2189 964 2256 sic
993 2188 1076 2254 alias
1099 2185 1296 2254 Sullanae

126 2287 285 2356 aetatis
307 2286 342 2352 si
363 2306 441 2352 non
463 2306 528 2354 res
548 2288 681 2372 ipsae,
704 2293 839 2356 tamen
855 2290 974 2358 velut
995 2289 1200 2372 imagines
1222 2305 1294 2370 spe·

127 2389 202 2458 culo
224 2407 433 2472 repercussae
455 2395 627 2456 cernuntur
649 2395 714 2472 aut,
737 2397 773 2456 ut
794 2392 842 2458 ita
855 2391 973 2476 dicam,
995 2396 1124 2474 praeter
1146 2408 1199 2456 res
1219 2393 1296 2456 ante

126 2490 239 2559 ocnlos
261 2491 446 2574 propositas
474 2491 608 2558 umbrae
630 2492 723 2574 qnasi
752 2499 933 2577 temporum
956 2492 1162 2561 Sullanorum
1183 2509 1295 2560 ascen·

125 2591 216 2658 dunt.
254 2591 300 2658 Ut
322 2611 392 2675 cap.
409 2594 461 2677 60,
477 2594 496 2656 2
512 2592 659 2660 eiusdem
674 2593 713 2661 Τ.
728 2593 836 2660 Larcii
851 2594 1012 2662 modestia
1025 2593 1149 2660 iniussn
1164 2597 1297 2660 senatus

126 2713 187 2762 suo
208 2692 342 2761 arbitrio
365 2693 543 2778 quidquam
564 2701 705 2766 statuere
727 2697 867 2766 nolentis
888 2695 1080 2779 aequalibus
1102 2693 1295 2762 imitandum

125 2795 313 2880 exemplum
327 2797 533 2879 proponitur3
558 2800 609 2879 60,
625 2801 646 2862 4
668 2816 767 2881 quam
782 2799 934 2881 potuerit,
956 2797 1127 2866 mitissime
1149 2797 1183 2862 in
1198 2795 1295 2862 Fide·

124 2903 228 2981 nates,
251 2897 308 2981 qui
322 2917 345 2962 a
363 2898 485 2982 populo
500 2899 647 2966 Romarm
662 2897 857 2982 deiecerant,
881 2901 986 2970 victos
1001 2899 1201 2968 consuluisse
1216 2896 1295 2964 Lar-

126 3001 195 3066 cius
209 3003 372 3066 narratur:
394 3018 515 3083 paucos
530 3006 654 3066 tantum
669 2999 861 3070 defectionis
875 3007 1025 3070 auctores
1039 2998 1297 3084 inspectantibus

126 3101 276 3170 omnibus
298 3100 332 3168 in
354 3100 560 3170 Fidenatium
587 3103 658 3170 foro
681 3103 775 3172 caedi
798 3104 900 3175 iussit.
945 3101 989 3168 At
1010 3108 1134 3186 quauta
1154 3099 1295 3168 crudeli·

124 3208 193 3270 tate
214 3201 308 3270 Sulla
329 3203 363 3268 in
385 3203 491 3270 socios
512 3202 654 3287 Italicos,
676 3205 913 3288 Praenestinos,
935 3204 1180 3290 Neapolitanos,
1203 3201 1294 3268 Sam·

122 3304 238 3372 uitium
266 3303 422 3388 imprimis
445 3305 595 3372 civitates
621 3307 835 3385 saevierat11)
879 3307 975 3374 Talia
1002 3307 1148 3390 proiecto
1174 3323 1293 3388 acqua·
1410 3337 1412 3342 ¹

123 3407 210 3473 libus
232 3405 350 3472 Licinii
379 3407 512 3472 annales
541 3407 724 3489 legentibus
753 3409 787 3474 in
814 3414 955 3476 mentem
978 3409 1090 3474 venire
1119 3413 1152 3473 et
1174 3406 1295 3474 collata

124 3527 199 3575 cum
220 3507 359 3592 pristina
379 3505 541 3576 modestia
558 3528 598 3576 ao
619 3508 792 3578 clementia
807 3511 861 3577 rel
883 3510 1033 3578 foediora
1054 3515 1087 3576 et
1109 3508 1294 3592 indigniora

126 3609 233 3678 rideri
255 3628 360 3694 paene
381 3627 515 3676 necesse
538 3615 616 3676 erat.

210 3709 277 3778 Sed
306 3729 348 3776 ne
380 3709 443 3777 boe
472 3709 604 3794 quidem
632 3712 954 3795 praetermittendum
982 3713 1121 3780 arbitror
1153 3712 1202 3794 ei,
1237 3710 1294 3794 qui

122 3813 266 3880 auctoris
280 3813 473 3880 narrationis
488 3813 632 3879 indolem
647 3833 843 3898 cognoscere
860 3817 979 3899 cupiat,
996 3835 1067 3899 cap.
1084 3817 1135 3898 59,
1151 3818 1165 3876 1
1184 3812 1293 3880 Larcii

123 3913 303 3998 collegam,
327 3911 366 3992 Q.
381 3914 540 3984 Cloelium
563 3914 726 3998 Siculum,
757 3915 862 4000 gratia
879 3913 991 4002 ‘plebis
1014 3923 1047 3984 et
1068 3917 1138 3983 miti
1161 3915 1294 4002 ingenio

211 4135 236 4197 1)
256 4131 298 4186 Ol.
316 4130 384 4187 Ihne
398 4126 489 4188 ‘iton
508 4125 617 4190 (leuch.³
635 4133 725 4188 V38i
736 4148 796 4202 sqq.
