3198 4974
455 374 497 429 Dc
515 374 639 430 codicum
656 375 857 430 Isocrateorum
874 377 1046 433 auctoritate.
1268 381 1328 438 131

169 547 227 613 sir:
250 539 310 632 ,ἢν
333 530 391 612 οὖν
415 543 540 630 ἀσκῆτε
565 547 621 612 καὶ
640 546 883 634 προσάέχησθε
898 547 978 626 τοὺς
992 535 1160 636 χρηστοὺς
1176 545 1251 616 ἀντὶ
1267 559 1332 618 τῶν

169 655 329 732 πονηρῶν
351 645 468 732 ὥσπερ
491 652 548 714 καὶ
569 650 640 727 (καὶ
662 651 818 729 0111.Λῆ
840 648 879 714 τὸ
903 649 1062 735 παλαιὸν,
1083 651 1218 734 βίλτιου
1240 649 1332 733 ἕξετε

166 753 320 835 χρῆσθαι
343 751 399 814 καὶ
422 762 495 828 τοῖς
519 749 735 835 δημαγωγοῖς
758 753 815 818 καὶ
837 763 911 829 τοῖς
933 749 1049 830 ἄλλοις
1063 764 1137 830 τοῖς
1153 753 1333 820 πολιτευο-

167 857 317 931 μένοις.“
360 853 535 920 Praeterea
569 873 630 937 pro
663 858 682 930 ἕ
714 857 775 920 134
809 856 842 920 in
875 855 1016 922 antidosi
1052 857 1202 940 leguntur
1235 856 1333 924 haec:

168 951 349 1036 ,δεύτερον
373 951 408 1018 d'
432 948 472 1040 ἢν
496 954 688 1041 ε’πιχειρῆτε
710 955 772 1033 τὰς
801 961 992 1038 συμμαχίας
1021 963 1173 1022 κτᾶσθαι
1201 955 1248 1044 μή
1271 983 1331 1022 πο-

167 1053 284 1137 λέμοις
305 1055 392 1142 μηδὲ
415 1058 629 1139 πολιορκίαις
652 1049 721 1122 ἀλλ’
747 1056 974 1142 εὐεργεσίαις·
1007 1057 1178 1145 προσήκει
1192 1059 1256 1144 γάρ
1271 1057 1333 1138 τὰς

167 1156 229 1236 μὲν
252 1158 371 1242 φιλίας
393 1155 432 1223 ἐκ
453 1149 581 1222 τούτων
603 1164 795 1241 γίγνεσθαι,
824 1159 886 1236 τὰς
910 1159 947 1226 δὲ
971 1159 1101 1242 ἔχθρας
1130 1159 1168 1242 ἐξ
1198 1153 1245 1226 (dv
1275 1167 1333 1228 νῦν

166 1255 373 1342 τυγχάνομεν
396 1257 637 1341 πράττοντες.“

253 1364 360 1447 Atque
381 1363 521 1447 primum
543 1382 594 1445 ea,
617 1382 700 1445 quae
723 1363 757 1428 in
779 1363 946 1431 codicibus
968 1364 1089 1432 tradita
1104 1371 1187 1448 sunt,
1210 1367 1332 1432 exami-

166 1484 290 1531 nemus.
340 1465 378 1530 In
406 1465 523 1548 quibus
552 1467 571 1541 ξ
595 1467 656 1530 133
684 1471 717 1530 et
745 1468 849 1542 §134
878 1467 1034 1533 concinne
1064 1467 1222 1534 formatae
1250 1474 1333 1549 sunt,

167 1587 241 1634 curn
264 1574 467 1652 opponantur
495 1571 527 1638 a)
550 1567 686 1649 πρῶτον
708 1566 770 1646 μὲν
793 1553 834 1650 ἢν
859 1566 1070 1650 συμβούλους
1092 1566 1280 1647 ποιώμεθα
1301 1574 1335 1634 et

168 1658 326 1749 δεύτερον
350 1664 384 1731 d'
410 1660 450 1751 ἢν
473 1666 693 1752 ἐθελήσωμεο
713 1673 868 1752 χρῆσθαι
891 1681 964 1746 τοῖς
993 1667 1191 1752 συμμάχοις,
1221 1671 1254 1748 b)
1276 1672 1333 1734 καὶ

167 1765 384 1851 παυσάμεθα
407 1767 610 1854 δημοτικοὺς
632 1770 693 1850 μὲν
717 1769 968 1850 νομίζοντες-
984 1767 1218 1855 ὀλιγαρχικοὺς
1242 1771 1279 1836 δὲ
1302 1776 1336 1838 et

167 1869 225 1937 καί
247 1870 293 1956 μὴ
317 1870 404 1956 λόγῳ
427 1872 489 1953 μὲν
503 1868 712 1954 αὐτονόμους
727 1867 894 1956 άφιιῦμεν,
918 1872 1005 1958 ἐ’ργῳ
1022 1873 1060 1939 δὲ
1076 1909 1119 1922 -
1134 1871 1333 1953 ίκδιάιῦμεγ,

167 1977 197 2053 e)
212 1971 348 2058 γνόντες
364 1968 418 2038 ὅτι
434 1981 467 2042 ct
481 1973 591 2040 ἐκεῖνο
609 1974 868 2054 καταμαθόντες
885 1966 949 2050 ὅτι,
964 1977 1176 2060 quamobrem
1192 1975 1333 2058 primum
1398 2013 1399 2016 =

167 2076 230 2144 hoo
248 2077 430 2156 ¹membrum
453 2073 663 2158 συμβούλους
685 2075 874 2156 ποιιίμεθα
889 2113 930 2124 -
945 2076 1176 2162 βουληθεῖμεν
1209 2073 1266 2140 καὶ
1288 2077 1331 2142 ad

166 2180 344 2246 Isocratem
366 2184 531 2244 auctorem
553 2179 666 2244 referri
682 2178 788 2245 debet
826 2180 865 2244 In
880 2179 1022 2245 antidosi
1037 2185 1146 2246 autem
1162 2179 1334 2245 verborum

167 2279 368 2347 concinnitas
385 2281 513 2346 turbata
528 2287 586 2363 est,
608 2287 837 2364 praeterquam
853 2281 941 2364 quod
956 2301 1005 2365 ea,
1022 2301 1106 2364 qnae
1122 2280 1235 2346 addita
1250 2287 1333 2364 sunt,

166 2383 200 2448 in
223 2385 408 2448 contextum
432 2383 589 2448 sermonis
611 2402 675 2448 non
697 2382 866 2465 quadrant.
911 2383 994 2447 Nam
1018 2402 1090 2449 cum
1112 2383 1220 2448 verbis
1243 2381 1330 2448 codi-

166 2506 240 2551 cum
263 2483 349 2566 ἔργῳ
367 2483 404 2548 δὲ
421 2491 481 2550 etc.
504 2483 651 2550 Obarctis
675 2484 840 2568 expeditio
857 2483 999 2551 dilucido
1014 2483 1223 2567 significetur,
1246 2502 1330 2566 quae

165 2588 341 2655 Isocratem
363 2587 409 2652 ad
437 2584 615 2651 orationem
644 2585 708 2661 „de
729 2590 832 2670 pace“
862 2585 1118 2670 componendam
1146 2585 1330 2667 commovit,

166 2689 325 2756 antidosis
346 2687 448 2754 verba
469 2684 684 2754 Athenienses
706 2686 928 2770 adhortantur,
957 2695 992 2753 ut
1013 2707 1117 2754 novos
1139 2688 1245 2754 socios
1267 2687 1330 2754 sibi

165 2792 348 2872 concilient,
371 2789 413 2857 de
436 2789 552 2872 quibus
574 2808 626 2854 res
648 2809 712 2854 non
735 2795 792 2855 est.
837 2789 985 2856 Provoca
1000 2797 1170 2873 praeterea
1190 2788 1234 2856 ad
1248 2791 1329 2856 anti-

166 2894 255 2960 dosis
284 2894 386 2959 verba
412 2894 517 2970 §133
545 2895 697 2975 χρῆσθαι
725 2902 798 2966 τοῖς
828 2891 1053 2976 δημαγωγοῖς,
1084 2891 1200 2974 quibus
1230 2891 1331 2958 verba

165 2995 308 3079 genuina
334 2997 353 3071 ξ
380 2998 439 3061 134
459 2997 615 3075 χρῆσθαι
642 3004 716 3069 τοῖς
745 2991 934 3074 συμμάχοις
962 2993 1035 3060 loco
1064 2992 1215 3058 videntur
1243 3001 1331 3058 mota

166 3117 248 3164 esse.
294 3094 493 3174 Quibuscum
515 3096 661 3163 conteras
683 3094 855 3162 ridiculum
879 3094 961 3162 illud
989 3093 1160 3179 προσήκει
1182 3093 1245 3176 γὰρ
1268 3091 1330 3168 τὰς

166 3200 284 3284 φιλίας
308 3197 344 3261 ἐκ
365 3196 493 3262 τούτων
514 3201 706 3280 γίγνεσθαι,
729 3197 789 3274 τὰς
814 3195 850 3262 δὲ
875 3196 1003 3278 ἔχθρας
1027 3195 1064 3276 ἐξ
1078 3186 1124 3260 οὐ
1140 3200 1198 3260 νῦν
1213 3192 1330 3276 τυγχά-

166 3325 268 3383 νομεν
285 3296 501 3381 πράττοντες,
517 3318 590 3364 oum
606 3298 649 3364 ad
664 3301 836 3382 genuinam
851 3299 1043 3366 sententiam
1059 3295 1192 3380 γνόντες
1204 3289 1258 3360 ὅτι
1269 3302 1330 3363 eto.

165 3403 278 3471 Oorais
312 3403 377 3468 iam
417 3400 622 3468 adnotaverit
660 3401 767 3468 locum
797 3402 960 3485 Lysianae
988 3400 1143 3467 orationis
1176 3398 1271 3464 XXV
1294 3399 1329 3462 8:

165 3509 301 3588 πρῶτον
324 3503 386 3582 μὲν
417 3486 476 3566 odo
498 3500 742 3586 ἐνθυμηθῆναι
761 3502 837 3588 χρὴ,
868 3499 921 3568 ὅτι
944 3494 1058 3576 οὐδείς
1081 3499 1172 3566 ἐστιν
1196 3497 1330 3580 ἀνθρώ-

165 3631 240 3673 πων
264 3605 368 3691 φύσει
391 3601 467 3670 οὔτε
492 3600 705 3688 ὀλιγαρχικὸς
728 3601 804 3670 οὔτε
828 3600 1089 3690 δημοκρατικὸς,
1112 3598 1181 3666 ἀλλ’
1199 3597 1273 3686 ἥτις
1289 3597 1330 3664 ἂν

165 3707 297 3790 ἑκάστῳ
313 3707 470 3772 πολιτεία
485 3705 529 3788 μὴ
547 3711 715 3792 συμφέρῃ,
727 3703 849 3790 ταύτην
863 3711 1095 3788 προθυμεῖται
1113 3703 1329 3768 καθιστάναι.

165 3811 336 3892 Quomodo
359 3810 517 3877 antidosis
540 3810 641 3876 vcrba
662 3810 704 3876 ab
733 3809 877 3876 Isocrate
905 3809 1053 3892 profecta
1080 3827 1144 3874 uon
1173 3825 1245 3874 osse
1275 3804 1329 3872 de-

164 3920 376 3982 monstratum
406 3918 465 3994 est,
499 3931 583 3995 quae
610 3931 669 3995 pro
697 3910 891 3995 paraphrasi
920 3909 1082 3976 rhetorica
1111 3909 1216 3975 babeo
1249 3909 1330 3974 auti·

164 4017 329 4101 quissimis
352 4014 550 4099 temporibus
565 4014 746 4096 tribuenda,
770 4034 842 4078 cum
858 4019 991 4096 propter
1005 4012 1152 4080 codicum
1169 4011 1330 4076 ΙίθαΛα

165 4138 356 4187 consensum
379 4117 444 4182 iarn
466 4117 499 4180 in
521 4115 699 4201 archetypo
723 4115 870 4184 codicum
893 4115 999 4182 fuerit.

1137 4218 1152 4266 9
1160 4215 1174 4246 *
