3318 4970
343 384 383 440 50
751 381 892 450 Augustus
911 380 1064 437 anemaun

342 555 423 620 tinet
444 554 487 620 ad
503 553 587 621 hano
603 555 833 638 quaestionem.
871 553 942 621 Hoc
963 553 1062 636 igitur
1085 554 1118 619 in
1133 561 1245 637 aperto
1262 561 1320 638 est,
1343 574 1427 624 anno
1444 559 1494 623 88.

343 655 549 722 Germaniam
583 656 780 740 superiorem
814 676 834 721 a
867 655 1049 738 legionibus
1081 655 1167 721 VIII.
1197 657 1254 722 XI.
1284 657 1370 724 XIV.
1403 659 1492 725 XXI.

342 757 508 824 defensam
531 777 611 824 esse.

426 859 550 938 Quibus
569 860 664 927 rebus
681 859 837 943 expositis
852 859 948 926 facile
964 857 1167 944 diiudicatur,
1191 866 1269 942 quot
1291 866 1324 926 et
1345 879 1428 942 quae
1450 861 1497 926 le-

340 963 453 1046 giones
468 962 636 1028 seditionis
648 961 851 1027 Antonianae
860 961 934 1027 labe
945 961 1201 1027 commaculatae
1213 962 1286 1028 sint.
1315 962 1493 1044 Legionem

342 1065 427 1130 enim
443 1064 533 1128 XXI.
556 1063 721 1147 Rapacem
736 1062 1052 1145 Mogontiacensibus
1068 1064 1182 1131 castris
1197 1064 1380 1148 impositam
1395 1063 1494 1129 fuisse

342 1165 439 1233 modo
455 1165 682 1250 comprobaui3
705 1165 910 1247 Argentorati
923 1167 945 1242 ¹)
959 1170 1068 1231 autem
1082 1163 1236 1231 tendebat
1251 1166 1337 1232 VIII.
1350 1166 1496 1248 Augusta

342 1275 374 1334 et
408 1268 466 1332 XI.
497 1267 635 1333 Claudia
663 1266 922 1344 Vindonissael)
966 1267 1080 1350 Itaque
1113 1287 1185 1334 oum
1218 1268 1357 1350 legionis
1391 1274 1497 1335 caetra

341 1389 476 1454 usquam
499 1370 579 1436 alibi
600 1375 667 1436 tum
689 1369 789 1436 fuisse
817 1368 970 1435 traditum
999 1370 1136 1453 nonsit,
1166 1371 1361 1453 Mogontiaci
1388 1377 1495 1437 autem

341 1471 477 1539 hiberna
506 1471 641 1538 duarum
669 1471 833 1553 legionum
862 1470 962 1538 fuisse
984 1477 1117 1553 constet,
1147 1477 1292 1553 quartam
1323 1472 1496 1554 superiorIs

343 1575 504 1642 exereitus
526 1575 697 1656 legionem,
720 1572 808 1638 XIV.
831 1572 1011 1651 Geminam,
1034 1573 1139 1654 ipsam
1156 1593 1284 1657 quoque
1300 1575 1414 1640 castris
1429 1573 1494 1640 blo·

343 1676 604 1761 gontiacensibus
626 1675 811 1740 attributam
836 1675 935 1740 fuisse
950 1675 1155 1757 intellegitur.
1195 1674 1267 1753 Qua
1281 1677 1314 1741 in
1330 1677 1408 1743 urbe
1424 1696 1495 1743 oum

341 1778 459 1845 seditio
482 1782 635 1859 oreretur,
658 1776 835 1842 Antonium
856 1776 1084 1858 imperatorem
1113 1778 1396 1844 consalutaverant
1417 1779 1495 1862 legi-

342 1899 420 1946 ones
442 1879 530 1944 XIV.
553 1878 723 1945 Geminam
746 1883 778 1944 et
800 1877 890 1942 XXI.
912 1877 1120 1960 Rapacem.³)

427 1980 576 2063 Agedum
599 1979 779 2062 videamus,
809 1999 872 2062 quo
895 1980 967 2046 loco
991 1979 1189 2046 decertatum
1211 1981 1263 2046 sit.
1308 1980 1380 2059 Qua
1406 1984 1496 2048 inre

343 2085 421 2150 viris
443 2082 668 2149 illustrissimis
690 2081 867 2148 Mommsen
877 2081 902 2159 4)
925 2085 957 2148 et
978 2079 1088 2164 Bergk
1099 2081 1133 2164 ⁶),
1162 2083 1218 2164 qui
1240 2083 1345 2149 locum
1368 2103 1496 2166 pugnae

342 2187 375 2250 in
397 2185 622 2251 Helvetiorum
643 2184 760 2251 finibus
782 2202 885 2268 prope
906 2181 950 2248 ad
972 2183 1129 2268 oppidum
1149 2184 1376 2252 Vindonissam
1398 2183 1497 2252 fuisse

344 2287 524 2371 opinantur,
558 2287 708 2354 assentiri
736 2306 801 2354 non
830 2305 971 2369 possum.
1015 2285 1158 2352 Primum
1188 2289 1273 2352 enim
1302 2307 1497 2371 quamquam

342 2387 517 2456 dolendum
551 2394 616 2471 est,
650 2387 739 2470 quod
772 2386 813 2453 de
846 2387 1006 2454 sedItione
1035 2387 1218 2470 Antoniana
1250 2391 1357 2456 nullus
1390 2409 1497 2456 rerum

342 2491 478 2573 scriptor
500 2489 677 2573 quidquam
698 2488 833 2555 tradidit
854 2495 982 2572 praeter
1004 2508 1102 2554 unum
1125 2489 1324 2574 Suetonium,
1348 2495 1403 2576 qui
1424 2495 1497 2560 loco

343 2591 473 2657 laudato
484 2593 508 2669 6)
523 2611 628 2674 pauca
642 2596 767 2656 tantum
781 2590 885 2674 affert,
909 2597 1016 2657 tamen
1030 2591 1195 2675 barbaros,
1219 2611 1299 2675 quos
1314 2595 1370 2659 ille
1385 2602 1496 2662 auctor

343 2699 509 2776 memorat,
538 2693 643 2760 nullos
672 2694 755 2760 alios
784 2694 885 2760 fuisse
912 2694 975 2760 nisi
998 2693 1176 2760 Germanos
1189 2695 1222 2779 ⁷),
1252 2715 1387 2780 quorum
1415 2697 1495 2764 fines

431 2933 455 2993 1)
474 2927 509 2982 cf.
528 2927 649 2992 Hnbner,
663 2921 786 2981 ‘Bonner
802 2917 927 2982 Janrob!
946 2931 987 2982 88.
1006 2943 1035 2995 p.
1054 2933 1096 2982 31.

429 3017 455 3079 2)
475 3013 510 3068 ci.
525 3012 560 3066 H.
570 3011 664 3082 Meyer
675 3011 693 3065 l.
704 3012 722 3066 l.
733 3027 760 3079 p.
773 3015 831 3066 146.
843 3041 873 3050 -
887 3010 922 3064 ci.
935 3005 1197 3080 etiam‘Korrespbl.
1211 3013 1237 3067 d.
1246 3013 1349 3070 Westd.
1362 3015 1495 3073 Zeitschr.

343 3099 390 3156 vr.
410 3102 497 3166 (rear)
514 3113 542 3166 p.
562 3100 593 3151 so
618 3095 783 3162 (eamean).
812 3095 872 3152 vn.
896 3099 1030 3166 (iosap.
1052 3101 1074 3164 1,
1101 3096 1176 3152 vm.
1196 3101 1285 3164 (rese)
1302 3115 1331 3168 p.
1350 3105 1382 3155 aa
1401 3107 1428 3156 et
1446 3106 1496 3158 aon

343 3184 463 3250 (Miller),
480 3181 582 3238 ibidem
599 3196 627 3249 p.
647 3184 697 3234 224
715 3180 942 3248 (Zangemeister).

430 3273 456 3335 3)
475 3268 527 3323 Th.
545 3265 637 3334 Bergk
661 3265 769 3334 quidem
786 3267 805 3320 l.
823 3267 841 3320 l.
859 3281 887 3333 p.
907 3268 939 3318 80
960 3281 1043 3322 unam
1064 3269 1170 3322 tantum
1193 3268 1325 3336 legionem
1347 3271 1498 3326 Antonium

345 3358 467 3409 recnmm
485 3357 512 3407 et
529 3351 638 3408 sceleris
650 3349 809 3420 participem
825 3348 912 3406 fuisse
923 3355 1011 3418 putat,
1029 3365 1125 3420 nempe
1136 3352 1210 3408 XXI.
1224 3353 1370 3421 Rapacem.
1396 3355 1499 3412 contra

345 3439 379 3492 E.
398 3437 552 3506 Ritterling,
577 3436 623 3506 qui
646 3451 703 3490 rem
725 3435 778 3489 iam
796 3435 964 3503 perstrIant,
990 3435 1039 3491 sed
1064 3452 1120 3491 non
1142 3439 1326 3506 pertractarit,
1343 3440 1361 3493 l.
1381 3440 1399 3494 l.
1417 3457 1445 3510 p.
1464 3447 1496 3496 ut

344 3528 433 3578 totum
449 3521 597 3591 superioris
614 3520 772 3590 provinciae
783 3521 931 3575 exercitum
943 3520 1074 3576 seditione
1086 3536 1145 3576 esse
1157 3523 1301 3592 pollutam,
1319 3523 1367 3577 ssd
1384 3531 1499 3594 propter

345 3607 372 3661 id
391 3607 481 3662 scelus
499 3605 569 3660 duas
585 3605 665 3660 modo
682 3605 811 3674 legiones,
828 3605 877 3662 XI.
890 3605 1031 3662 Claudiam
1049 3610 1078 3660 et
1094 3606 1168 3663 XIV.
1182 3608 1331 3676 Geminam,
1348 3609 1376 3663 in
1389 3610 1498 3666 Panno-

346 3691 419 3746 nIam
437 3691 473 3745 ad
491 3690 593 3746 bellum
605 3689 702 3746 missas
713 3703 773 3746 esse
785 3691 932 3747 contendIt.
960 3690 1029 3746 Vide
1048 3691 1129 3746 etiam
1141 3693 1207 3748 Met.
1220 3693 1322 3762 Meyer,
1340 3695 1359 3748 l.
1369 3693 1387 3748 l.
1397 3710 1424 3764 p.
1436 3698 1496 3762 660,

347 3776 393 3845 qui
411 3790 468 3831 rem
485 3774 623 3831 difficilem
641 3791 696 3830 non
713 3777 869 3832 accuratius
886 3777 1012 3847 explicat.

431 3865 458 3925 4)
477 3861 512 3916 cf.
527 3855 617 3916 ‘Rom
637 3854 745 3916 essen?
762 3860 796 3916 V.
815 3879 842 3931 p.
864 3866 921 3917 rer.

433 3950 458 4010 5)
476 3945 513 4000 cf.
527 3940 632 4000 ‘Mainn
649 3964 678 4001 u.
696 3937 870 4003 Vindonissa'
887 3947 906 4002 l.
924 3945 942 4000 l.
961 3961 988 4016 p.
1008 3948 1050 4000 80.
1140 3969 1142 3976 ·

433 4035 459 4096 6)
477 4030 512 4085 cf.
531 4047 558 4100 p.
577 4035 610 4085 44
628 4031 691 4086 adn.
713 4038 735 4086 1.

434 4121 459 4182 t)
478 4116 514 4172 ci.
531 4114 691 4180 Mommsen,
705 4109 795 4172 ‘Rom
815 4112 923 4172 (iesch.²
940 4131 968 4185 p.
990 4118 1037 4169 137
1056 4114 1119 4170 adn.
1140 4121 1162 4171 1.
