3198 4974
440 388 482 442 De
500 387 625 443 codicum
642 387 842 442 Isocrateorum
859 383 1033 439 auctoritate.
1252 378 1314 437 135

155 563 383 646 subiciamea,
407 582 491 646 quae
514 560 651 628 disserui
674 561 798 625 ratione
820 578 885 625 non
906 555 1019 622 habita
1038 555 1212 622 lectionum
1233 556 1315 620 auti·

155 666 254 750 dosis,
277 685 357 749 quas
380 685 422 731 ex
443 665 517 731 aliis
540 664 632 730 libris
654 670 802 746 receptas
825 659 1152 740 essedemonstravi:

604 2200 826 2274 scaena
870 2202 897 2270 Z
959 2199 994 2268 Τ

243 2419 310 2487 Sed
331 2419 483 2502 nondum,
503 2419 592 2503 'quae
619 2419 662 2484 ad
684 2420 836 2486 Isocratis
860 2422 960 2486 verba
987 2420 1213 2490 constituenda
1241 2439 1315 2488 cou-

155 2523 258 2590 secuti
292 2523 392 2589 simus
426 2520 602 2588 docuimus.
647 2519 738 2598 Quae
769 2521 917 2588 codicum
944 2525 1136 2591 auctoritate
1170 2523 1241 2589 sola
1273 2522 1316 2588 ad

155 2628 375 2710 iutegritatem
397 2625 502 2708 redigi
524 2644 588 2690 non
610 2644 707 2708 posse
728 2626 868 2707 primum
891 2626 1133 2693 concedendum
1156 2633 1214 2706 est,
1244 2644 1316 2692 cum

154 2749 196 2795 ne
212 2729 353 2796 Urbinas
375 2727 508 2811 quidem
531 2727 646 2810 codex,
670 2728 726 2809 qui
748 2746 791 2792 ex
813 2727 928 2793 eodem
949 2733 1048 2811 atque
1071 2728 1170 2793 ceteri
1186 2727 1317 2794 codices

155 2830 334 2915 archetypo
364 2828 521 2895 deductus
550 2828 668 2895 iisdem
695 2829 865 2912 archetypi
888 2830 975 2896 vitiis
1003 2831 1140 2896 infectus
1169 2831 1220 2911 sit,
1254 2827 1317 2895 hoc

155 2932 286 3010 efficiat,
316 2932 524 3016 quamobrem
550 2931 679 3014 menda,
709 2951 792 3015 quae
822 2933 887 2997 iam
915 2931 1176 3003 antechristum
1206 2938 1315 2998 natum

155 3039 190 3103 in
223 3033 375 3102 Isocratis
409 3033 571 3098 orationes
604 3033 796 3116 irruperunt,
839 3034 1023 3100 coniectura
1055 3033 1200 3100 tollenda
1233 3040 1315 3099 sunt.

156 3137 223 3205 Sed
246 3127 395 3221 quamvis
410 3133 517 3201 codex
533 3135 673 3201 Urbinas
690 3135 886 3201 Isocrateam
902 3137 1091 3202 memoriam
1107 3137 1189 3202 inter
1205 3155 1316 3202 omnes

155 3241 316 3306 sinceram
349 3236 529 3318 tradiderit,
564 3236 784 3320 (quadecausa
812 3237 996 3304 dubitantes
1026 3257 1100 3304 eum
1131 3238 1314 3322 sequemur)

155 3361 221 3408 non
244 3347 376 3423 constat,
405 3346 484 3422 quot
512 3339 668 3405 lectiones
691 3340 840 3422 vulgatas
870 3359 911 3404 ex
939 3338 1118 3424 archetypo
1147 3341 1315 3423 receperit,

157 3463 257 3527 qnare
279 3461 320 3507 ne
342 3440 554 3525 archetypum
578 3441 710 3524 quidem
733 3460 775 3506 ex
790 3441 947 3508 Urbiuate
970 3443 1040 3508 solo
1062 3459 1214 3526 reparare
1229 3442 1315 3508 licet.

157 3545 273 3627 Itaque
296 3545 379 3608 iuter
401 3544 551 3626 vulgata-s
580 3544 735 3609 lectiones
765 3562 833 3625 eae,
864 3562 947 3626 quae
977 3543 1144 3610 codicibus
1170 3545 1200 3607 Θ
1223 3550 1256 3610 et
1277 3549 1316 3606 A

158 3646 337 3712 coniunctis
349 3644 551 3727 exhibentur,
568 3644 741 3727 diligenter
755 3643 981 3728 respiciendae
994 3652 1082 3728 sunt;
1104 3646 1138 3710 in
1153 3645 1193 3711 iis
1207 3651 1316 3710 autem

158 3747 367 3828 orationibus,
401 3747 434 3810 iu
468 3747 584 3829 quibus
617 3746 722 3812 codex
747 3749 776 3812 Θ
798 3747 916 3829 deficit,
951 3747 1056 3814 codex
1083 3749 1128 3830 H,
1162 3752 1315 3830 quantum

157 3848 290 3934 quidem
312 3853 427 3930 exstat,
458 3847 693 3932 comparandus
717 3857 774 3916 est.
818 3848 898 3915 Ideo
927 3849 964 3931 is,
995 3850 1051 3931 qui
1079 3855 1115 3914 ut
1140 3847 1316 3914 Isocratem

157 3950 412 4018 emendatiorem
437 3950 513 4016 edat
535 3950 597 4016 sibi
619 3953 833 4036 proposuerit,
857 3952 996 4036 primum
1019 3950 1184 4018 codicibus
1210 3951 1319 4013 ΘΛΠ

158 4051 363 4121 conferendis
397 4071 528 4136 operam
561 4072 682 4118 navare
715 4051 821 4136 debet,
855 4073 927 4119 cum
956 4053 1062 4120 codex
1090 4055 1121 4116 Γ
1146 4051 1316 4116 laboriosis

157 4155 273 4224 studiis
297 4155 491 4220 Bucrmauni
514 4161 598 4221 totus
627 4156 692 4220 iam
723 4174 877 4227 exeussus
906 4157 956 4223 sit.
1002 4155 1176 4222 Praeterea
1204 4171 1315 4219 omnes
