3318 4970
322 375 364 435 38
747 373 889 441 Augustus
905 369 1060 426 Jdnemann

322 547 445 614 diserte
467 550 585 628 narrat,
609 543 671 613 hoc
693 545 767 612 loco
787 543 869 610 nihil
890 545 1017 611 referat.
1049 543 1135 626 Ergo
1157 543 1320 625 legionem
1343 544 1368 608 Ι.
1384 545 1484 611 Adiu-

321 650 435 715 tricem
458 649 491 713 in
515 647 673 732 Hispania
695 648 887 714 remansisse
910 646 1084 713 admodum
1107 644 1275 728 probabile
1299 651 1356 713 est.

409 748 532 828 Quibus
560 750 657 816 rebus
686 750 822 834 cognitis
851 749 907 814 ille
935 749 1025 816 locus
1053 748 1205 814 Taciteus
1236 745 1321 818 (hiet.
1352 747 1406 815 lV.
1430 751 1485 826 68)

322 854 369 919 ita
384 853 567 920 necessario
582 852 797 919 restituendus
814 855 877 916 est:
891 843 1022 917 ‘sexta
1037 869 1082 916 ac
1098 849 1255 916 decima
1272 869 1313 915 ex
1325 850 1484 934 Hispania

321 947 474 1038 accitae’3
510 974 593 1038 quae
626 952 756 1038 quidem
786 952 968 1020 emendatio
997 953 1113 1019 Sarilii
1147 957 1182 1018 nt
1209 953 1394 1018 necessaria
1424 961 1481 1036 est,

323 1058 370 1124 ila
392 1078 451 1141 pro
474 1063 562 1123 certa
585 1056 698 1123 haberi
720 1061 836 1140 potest,
865 1062 1039 1140 propterea
1061 1053 1148 1137 quod
1171 1054 1303 1120 Tacitus
1326 1055 1481 1140 legiones,

322 1161 351 1226 si
374 1179 454 1242 quas
477 1167 652 1242 enumerat,
675 1160 865 1242 plerumque
887 1157 1010 1223 minore
1032 1174 1166 1222 numero
1182 1155 1352 1239 insignitas
1367 1157 1482 1224 maiori

321 1280 455 1328 numero
477 1267 672 1345 anteponere
695 1261 785 1328 solet.

408 1364 478 1429 Iam
500 1383 578 1430 vero
602 1363 688 1446 quod
712 1363 789 1428 illae
812 1361 896 1428 dnae
919 1362 1116 1446 Hispanioae
1146 1360 1302 1442 legiones,
1333 1362 1481 1442 quamvis

323 1465 438 1532 eodem
469 1465 780 1550 temporeexoitae,
814 1469 921 1530 tamen
950 1485 1013 1530 uno
1043 1462 1222 1545 eodemque
1251 1460 1305 1526 die
1331 1461 1373 1527 ad
1402 1463 1481 1528 belli

322 1567 435 1634 sedem
450 1587 514 1634 non
529 1566 766 1648 advenemntb,
790 1566 824 1631 id
840 1567 1007 1650 scrupulos
1023 1583 1154 1632 movere
1169 1563 1290 1646 nequit.
1320 1565 1403 1629 Nam
1419 1565 1481 1632 nisi

323 1669 357 1734 in
379 1669 494 1736 iisdem
519 1670 631 1736 castris
654 1667 865 1750 tetenderant,
888 1688 952 1734 una
973 1667 1133 1752 proficisci
1155 1686 1219 1732 non
1241 1671 1399 1748 poterant,
1423 1665 1481 1733 sed

322 1772 378 1837 ubi
401 1772 538 1854 primurn
561 1771 688 1837 litterae
711 1769 831 1836 allatae
853 1777 935 1854 sunt,
959 1778 993 1836 ut
1016 1776 1120 1836 castra
1141 1774 1318 1850 moverent,
1342 1787 1401 1851 pro
1424 1788 1482 1834 sua

323 1890 470 1954 quaeque
492 1878 584 1957 parte
606 1873 667 1939 iter
689 1873 835 1956 ingressa
857 1879 914 1940 est.
952 1873 1050 1956 Atqui
1073 1891 1137 1937 non
1159 1870 1256 1936 modo
1278 1889 1342 1936 non
1365 1869 1480 1936 iisdem

323 1973 437 2040 castris
460 1975 638 2058 utebantur,
662 1973 720 2041 sed
743 1975 828 2056 legio
851 1973 892 2039 X.
916 1973 1054 2040 Gemina
1075 1974 1116 2039 iis
1138 1973 1205 2038 iere
1227 1972 1425 2056 temporibus
1448 1973 1481 2038 in

321 2080 414 2158 parte
429 2075 633 2142 meridionali
648 2075 827 2159 Hispaniae
842 2076 999 2142 collocata
1015 2081 1093 2159 erat,
1115 2081 1151 2140 ut
1165 2074 1294 2140 Mauros
1310 2074 1480 2141 seditiosos

322 2197 343 2241 a
375 2177 544 2259 provincia
577 2176 787 2252 cohiberet.²l
838 2175 909 2257 Quo
946 2179 1066 2243 iactum
1099 2183 1163 2258 est,
1201 2183 1251 2259 ut,
1289 2197 1361 2243 cum
1394 2176 1480 2259 legio

322 2277 376 2342 VI.
394 2278 517 2344 Victrix
539 2279 741 2345 iamdudum
763 2279 842 2346 belli
864 2281 976 2346 labore
992 2283 1149 2362 nucupata
1171 2285 1265 2362 esset,
1288 2278 1480 2344 X.'Gemina

323 2379 377 2445 die
409 2387 580 2464 postquam
614 2381 712 2448 armis
746 2380 943 2448 decertatum
973 2387 1030 2463 est,
1065 2381 1098 2445 in
1127 2380 1309 2446 inferiorern
1340 2381 1479 2446 Galliam

321 2483 545 2565 perveniret.³l

407 2584 474 2650 Sed
496 2605 559 2652 non
582 2585 685 2651 solum
713 2584 769 2650 ubi
797 2584 883 2666 legio
912 2603 996 2650 anno
1020 2587 1070 2648 70.
1099 2584 1204 2667 luerit,
1238 2603 1348 2650 verum
1383 2584 1480 2650 etiam

323 2704 387 2768 qua
408 2687 441 2750 in
464 2687 632 2768 provincia
653 2691 727 2769 post
748 2685 868 2752 bellum
890 2686 923 2750 in
939 2685 1113 2752 Germania
1127 2693 1292 2770 peractum
1309 2687 1479 2752 stationem

323 2786 481 2870 habuerit,
511 2786 594 2854 adeo
623 2789 777 2852 incertum
801 2793 859 2871 est,
882 2793 918 2853 ut
939 2788 996 2853 alii
1019 2788 1081 2854 viri
1104 2787 1191 2854 docti
1213 2788 1308 2854 aliter
1330 2788 1479 2854 sentiant.

412 3006 436 3070 t)
454 3002 520 3058 Tac.
540 3004 602 3060 hist.
621 3004 655 3059 V.
677 3009 722 3058 14:
744 2999 794 3057 ‘At
812 3003 903 3058 Civilis
921 3008 985 3072 post
1001 3005 1099 3059 malam
1116 3005 1144 3058 iu
1163 3004 1286 3060 Treveris
1304 3019 1422 3074 pugnam
1435 3019 1481 3059 re-

323 3093 422 3158 parato
440 3103 490 3157 per
509 3089 681 3144 Germaniam
698 3089 819 3144 exercitu
837 3089 911 3158 apud
922 3088 1024 3144 Vetera
1041 3095 1132 3144 eastra
1150 3090 1280 3146 consedit.
1304 3089 1421 3146 Secutus
1438 3094 1481 3146 est

324 3174 419 3228 eodem
442 3174 563 3240 Cerialis,
586 3175 732 3245 duplicatis
755 3175 841 3244 copiis
862 3174 979 3229 adventu
1003 3175 1140 3231 secundae
1161 3181 1188 3230 et
1211 3180 1305 3230 sextae
1322 3180 1350 3229 et
1367 3178 1481 3245 quamue

325 3259 455 3314 decumae
472 3253 627 3328 legionum'.
646 3289 681 3300 -
698 3260 740 3315 De
757 3259 862 3328 legione
879 3259 913 3314 X.
932 3261 1046 3316 Gemina
1063 3262 1123 3318 vide
1140 3278 1167 3332 p.
1186 3267 1218 3317 35
1237 3262 1299 3316 adn.
1319 3265 1343 3316 6.
1484 3257 1487 3263 ’

412 3346 438 3410 2)
455 3343 528 3400 Vere
541 3345 607 3401 anni
619 3350 661 3400 69.
673 3345 806 3413 legionem
818 3344 853 3401 X.
868 3346 1007 3402 Geminam
1025 3347 1060 3402 ad
1077 3361 1152 3403 oram
1164 3346 1340 3416 paeninsulae
1357 3348 1386 3402 in
1403 3348 1482 3403 meri-

323 3429 393 3483 diem
412 3433 582 3498 spectantem
600 3431 761 3485 collocetam
778 3430 863 3487 fuisse
880 3434 997 3486 testatur
1009 3431 1122 3487 Tacitus
1140 3433 1169 3486 in
1185 3433 1249 3487 hist.
1262 3432 1298 3486 ll.
1317 3437 1363 3488 58:
1379 3426 1481 3488 ‘Isdem

324 3514 420 3570 diebus
438 3516 588 3570 accessisse
605 3515 729 3585 partibus
751 3519 799 3580 (sc.
817 3515 929 3584 Vitellii)
952 3521 1095 3586 utramque
1112 3517 1312 3572 Mauretaniam
1334 3515 1480 3573 interiecto

322 3602 504 3668 procuratore
521 3600 622 3656 Albino
646 3600 734 3654 nuntii
756 3615 852 3656 venere
872 3641 879 3658 .
899 3642 906 3656 .
926 3645 932 3656 .
954 3641 960 3655 .
979 3601 1043 3656 inde
1060 3601 1154 3658 Cluvio
1171 3602 1244 3658 Rufo
1268 3603 1365 3669 metus,
1388 3604 1416 3656 et
1433 3601 1480 3656 de·

324 3697 430 3738 cumam
447 3683 580 3751 legionem
597 3685 800 3754 proquinquare
817 3685 890 3741 litori
908 3692 939 3740 ut
956 3687 1164 3742 transmissurus
1183 3680 1278 3742 iussit'.

410 3771 435 3834 3)
453 3769 497 3822 Ex
514 3783 545 3824 eo
565 3769 646 3837 qnod,
664 3769 712 3824 ubi
729 3771 844 3839 primum
861 3771 930 3840 legio
942 3771 977 3826 X.
991 3770 1106 3826 Gemina
1122 3771 1239 3837 aduenit,
1257 3771 1325 3841 legio
1338 3771 1412 3826 XIV.
1427 3771 1479 3826 Ge·

322 3853 397 3907 mina
419 3853 448 3907 in
466 3853 634 3922 superiorem
652 3855 816 3924 provinciam
834 3855 967 3921 discessit,
990 3855 1161 3911 concluditur
1182 3855 1254 3910 illam
1273 3855 1309 3910 ad
1326 3856 1479 3912 inferiorem

323 3938 450 3994 Rhenum
468 3938 520 3992 iter
537 3938 677 3994 intendere
694 3940 795 3995 iussam
813 3955 885 4009 esse;
909 3941 961 3996 nisi
982 3941 1022 3994 ita
1039 3945 1119 4006 esset,
1144 3939 1229 3993 multo
1247 3941 1362 3997 celerius
1380 3956 1414 3996 ex
1431 3941 1480 3996 Hi·

323 4023 419 4092 spania
436 4023 464 4077 in
477 4023 644 4092 superiorem
655 4025 822 4094 provinciam
840 4027 982 4094 pervenire
1000 4027 1089 4096 potuit
1100 4039 1187 4096 neque
1199 4025 1330 4094 legionem
1342 4025 1414 4082 XIV.
1429 4024 1480 4080 Ge·

322 4107 421 4162 minam
439 4123 472 4162 ex
490 4107 618 4164 inferiore
636 4109 781 4164 Germania
798 4110 826 4164 in
844 4110 1013 4180 superiorem
1032 4111 1129 4166 dimitti
1147 4127 1217 4182 opus
1237 4115 1303 4168 erat.
