3198 4974
311 352 373 410 208
787 350 851 406 Otto
870 351 998 408 Bookucb

309 508 395 593 nysii
425 508 610 574 narratione
638 506 830 593 abborreut;
858 514 892 574 at
920 528 1029 576 rursus
1053 508 1254 593 discrepant,
1283 527 1366 592 quae
1391 507 1479 576 baec

310 610 492 695 excipiunt:
515 615 661 684 senatum
685 610 772 679 bello
796 610 943 686 coniecto
965 631 1030 678 non
1053 610 1275 694 impedituros,
1299 611 1478 694 quominus

310 711 418 783 denuo
447 712 611 782 debitores
639 713 674 782 vi
703 714 927 798 abriperentur
960 719 993 780 et
1025 717 1231 780 necterentur
1264 703 1478 796 (ἀγομένους

310 806 416 888 πάλιν
439 812 611 899 περιεώρα
639 815 696 880 καὶ
719 812 988 902 ῥυσιαζομένους)
1011 849 1053 860 -
1077 833 1162 900 quae
1191 813 1308 880 desunt
1337 815 1370 882 in
1394 815 1478 882 Dio-

309 917 396 1000 nysii
410 917 582 1000 memoria3
606 916 736 1002 deinde,
752 937 825 984 eum
841 917 947 983 denuo
963 917 1119 984 tumultus
1134 917 1167 982 in
1183 917 1263 984 urbe
1279 918 1478 1002 erupissent,

310 1018 421 1087 hostes
435 1019 516 1088 fines
531 1021 750 1086 Romanorum
773 1027 991 1102 transgressos
1013 1038 1110 1102 agros
1133 1020 1315 1086 vastavisse
1332 1055 1375 1064 -
1392 1039 1478 1102 quas

309 1120 451 1191 hostium
467 1123 666 1190 incursiones
689 1128 784 1205 post
807 1121 1025 1188 secessionem
1047 1121 1154 1204 plebis
1176 1121 1280 1189 factas
1304 1141 1378 1188 esse
1394 1121 1477 1187 Dio·

309 1226 421 1310 nysius
450 1231 560 1292 narrat
581 1225 638 1303 (VI
661 1228 724 1302 50).
769 1225 813 1290 At
835 1223 917 1290 baec
939 1223 967 1290 si
988 1223 1116 1290 leviora
1138 1223 1316 1308 existimes,
1339 1242 1478 1308 prorsus

309 1347 330 1393 a
345 1326 504 1410 Dionysio
520 1326 674 1396 abhorret
688 1323 892 1409 Plutarchus,
910 1345 983 1392 cum
999 1324 1100 1392 tradit
1113 1332 1248 1410 propter
1270 1326 1345 1392 illas
1368 1326 1477 1409 irrup-

308 1429 412 1496 tiones
428 1427 577 1513 bostium,
600 1448 709 1497 rursus
733 1448 805 1496 cum
828 1428 947 1494 milites
970 1427 1247 1494 conscriberentur
1268 1428 1336 1500 Ιοιῦν
1352 1419 1480 1512 ἀρχόν-

307 1553 375 1595 των
399 1558 410 1596 .·
431 1580 439 1596 .
463 1581 472 1596 .
495 1529 700 1610 καλούντων,
729 1531 751 1596 i.
783 1549 811 1596 e.
841 1531 992 1596 nimirum
1022 1550 1043 1597 a
1070 1530 1273 1612 oonsulibus,
1307 1531 1478 1596 nemiuem

307 1653 426 1703 nomen
442 1634 581 1704 dedisse.
613 1634 698 1718 Ergo
713 1639 781 1699 tum
804 1632 951 1700 delectus
973 1632 1120 1713 babetur,
1143 1653 1217 1706 cum
1239 1631 1304 1698 iam
1320 1631 1478 1700 Valerius

308 1737 469 1807 dictatura
494 1756 531 1804 se
552 1735 728 1818 abdicavit,
752 1735 900 1804 consules
923 1735 986 1803 soli
1008 1734 1179 1819 imperium
1202 1741 1320 1802 tenent.
1367 1733 1479 1814 Quem
1579 1755 1580 1760 ¹

309 1839 471 1912 delectum
494 1845 526 1904 et
547 1838 661 1904 Livius
684 1844 717 1906 et
739 1838 915 1922 Dionysius
937 1837 1035 1919 plane
1057 1842 1182 1919 tacent,
1211 1856 1317 1920 neque
1341 1837 1478 1904 omuino

308 1961 380 2008 cum
412 1940 526 2008 borum
557 1941 714 2010 memoria
742 1940 916 2009 conciliare
944 1943 1048 2022 potes.
1093 1939 1195 2006 Immo
1218 1939 1332 2008 Livius
1355 1939 1478 2021 (1132,

311 2045 342 2120 1)
356 2048 465 2126 patres
480 2044 644 2110 censuisse
659 2049 768 2108 narrat
782 2042 902 2108 milites
918 2047 1120 2107 sacramento
1141 2042 1239 2116 etiam
1262 2049 1329 2107 tum
1352 2043 1479 2124 teneri;
1579 2105 1580 2108 ,

308 2145 486 2229 Dionysius
502 2146 559 2224 (Vl
574 2149 626 2229 45,
644 2148 675 2222 1)
688 2151 797 2212 autem
813 2143 912 2210 tradit
927 2143 1095 2211 dictatoris
1113 2150 1265 2228 quattuor
1287 2143 1478 2227 legionibus

308 2249 410 2314 invito
434 2254 548 2320 senatu
570 2247 714 2314 dimissis
737 2249 895 2330 consules,
918 2267 992 2314 cum
1014 2253 1145 2315 senatus
1168 2247 1216 2313 cis
1239 2245 1476 2327 interdixisset,
1579 2257 1580 2266 ’

308 2369 350 2419 ue
367 2350 431 2434 ipsi
447 2369 576 2434 quoqne
591 2369 666 2416 suas
689 2350 800 2433 copias
823 2349 1031 2432 dimitterent,
1055 2368 1128 2415 cum
1151 2348 1286 2432 reliquis
1309 2367 1369 2414 sex
1391 2348 1477 2430 legi·

309 2451 424 2521 ouibus
440 2472 482 2520 ex
497 2453 576 2518 urbe
599 2471 748 2536 egressos
771 2469 852 2518 esse.
897 2450 942 2516 At
956 2449 1160 2534 Plutarchus,
1183 2469 1381 2534 quamquam
1405 2470 1477 2516 rem

309 2554 415 2637 ipsam
443 2555 685 2638 praetermittit,
714 2560 839 2636 tamen,
869 2560 905 2621 ut
933 2573 976 2619 cx
1004 2553 1097 2618 brevi
1126 2553 1195 2619 eius
1218 2553 1376 2620 relatione
1398 2572 1477 2619 con·

308 2656 439 2724 cludere
462 2657 549 2740 licet,
572 2663 737 2724 auctorem
759 2653 921 2739 quendam
945 2661 1074 2722 secutus
1094 2661 1152 2736 est,
1176 2655 1232 2737 qui
1255 2659 1358 2720 totum
1380 2673 1478 2720 exer·

309 2759 408 2824 citum
430 2780 451 2824 a
473 2759 621 2842 Valerio,
651 2759 840 2855 priusquam
869 2757 1031 2828 dictatura
1058 2755 1178 2838 abiret,
1209 2756 1378 2824 dimissum
1402 2775 1477 2830 esse

308 2859 507 2943 prodiderat.
594 2927 596 2932 .

395 2961 501 3041 Quam
516 2962 560 3030 ad
576 2963 792 3030 coniecturam
808 2961 891 3028 illud
913 2979 1043 3044 quoque
1067 2960 1189 3044 optime
1212 2959 1360 3044 quadrat,
1385 2960 1477 3044 quod

308 3085 408 3149 saepe
436 3065 529 3132 brevi
559 3071 704 3146 tempure
734 3069 864 3130 senatus
899 3067 1095 3130 convocatur
1124 3063 1221 3141 (Plut.
1252 3082 1324 3146 cap.
1355 3065 1404 3146 6),
1439 3069 1477 3130 ut

309 3167 473 3251 quomodo
496 3166 613 3234 seditio
637 3165 745 3232 sedari
767 3167 886 3250 possit,
909 3164 1121 3233 deliberetur:
1144 3165 1296 3232 nimirum
1318 3165 1477 3249 quoniam

310 3269 472 3339 exercitus
494 3267 647 3336 dimissus
669 3275 735 3353 est,
765 3287 829 3334 non
852 3267 917 3332 iam
940 3266 1059 3334 sufficit
1080 3268 1240 3351 consules,
1267 3273 1303 3332 ut
1324 3267 1402 3333 urbs
1423 3271 1477 3332 tu-

308 3372 409 3438 multu
431 3371 596 3455 liberetur,
618 3370 652 3436 in
675 3369 801 3439 bostem
824 3367 986 3453 proticisci
1009 3370 1131 3452 iubere,
1155 3369 1189 3434 id
1212 3368 1300 3452 quod
1322 3368 1418 3434 Livio
1443 3376 1480 3435 et
1579 3451 1580 3454 Ἴ

308 3473 468 3556 Dionysia
502 3473 687 3540 auctoribus
715 3473 837 3539 factum
866 3477 924 3538 est.
976 3471 1092 3556 Neque
1119 3471 1219 3536 aliam
1252 3470 1295 3538 ob
1329 3489 1479 3554 causam,
1579 3475 1580 3480 ’

308 3576 372 3642 uisi
400 3575 478 3658 quia
505 3574 666 3642 exercitus
695 3573 792 3642 educi
814 3575 879 3640 iam
901 3593 967 3642 non
988 3579 1112 3657 potest,
1135 3571 1328 3640 Plutarchus
1350 3591 1416 3646 nou
1438 3581 1479 3638 ut
1579 3643 1580 3650 χ

309 3677 486 3760 Dionysius
514 3676 560 3742 VI
585 3681 643 3760 45,
672 3679 691 3739 2
720 3679 765 3756 (et
792 3677 918 3754 Livius)
947 3694 1000 3742 ex
1028 3675 1207 3741 castris
1238 3679 1331 3740 extra
1358 3673 1476 3740 urbem
1579 3687 1580 3726 ῑ

308 3777 424 3860 positis
452 3777 485 3842 in
515 3776 650 3845 Sacrum
679 3783 823 3847 montem
850 3779 981 3862 plebem
1003 3777 1177 3852 secessisse
1199 3776 1314 3858 refert,
1345 3774 1405 3841 sed
1426 3776 1476 3850 in
1579 3797 1580 3864 3

309 3879 401 3962 ipsa
432 3880 530 3946 urbe
559 3899 644 3946 novo
672 3887 807 3965 repente
836 3879 974 3946 tumultu
1003 3886 1074 3946 orto
1105 3897 1178 3944 eam
1206 3878 1311 3946 coisse
1337 3883 1372 3945 ct
1393 3875 1476 3956 inde
1579 3871 1580 3956 l

308 3979 391 4046 nibil
413 3981 618 4064 opinantibus
639 3983 786 4064 patriciis
808 3988 944 4066 penates
965 3982 1147 4064 reliquisse.

394 4081 518 4160 Quibus
547 4083 749 4166 gravissimis
779 4083 970 4152 differentiis
999 4103 1073 4151 cum
1102 4082 1176 4148 luce
1197 4081 1316 4148 clarius
1338 4079 1396 4145 liat
1423 4080 1475 4149 ul·
