3134 4986
309 387 372 446 346
761 388 887 457 Βόρειον
904 387 1018 442 Martini

309 562 418 629 verbis
448 561 552 629 subsit
579 560 759 628 diiudicare
788 563 874 628 licet.
916 561 1033 644 Neque
1061 579 1139 628 vero
1168 560 1253 628 ullus
1282 567 1331 629 est
1355 563 1390 628 in
1411 581 1477 646 qno

310 668 457 730 meteora
478 662 651 746 designent
671 663 824 732 sublimia
838 663 918 730 sola
951 663 1055 730 Immo
1070 681 1173 746 usqne
1188 682 1317 747 quaque
1331 669 1479 734 meteora

308 765 543 848 intelleguntur
571 769 628 830 aut
652 764 850 847 generaliter
876 784 929 832 res
952 783 1037 848 quae
1059 785 1157 850 supra
1178 769 1297 831 terram
1318 763 1401 830 liunt
1421 773 1480 832 aut

308 867 422 948 paullo
451 867 636 949 angustiore
667 885 764 933 sensu
793 865 957 933 caelestia.
1007 867 1056 933 Ro
1088 867 1135 932 ita
1163 872 1351 950 comparata
1379 867 1480 952 plane

310 967 503 1035 incredibile
526 975 576 1034 est
596 967 805 1034 Aristotelem
826 972 1014 1035 autumaase
1041 987 1180 1035 omnes
1208 974 1373 1035 veteres
1395 989 1480 1036 voce

310 1071 565 1154 meteorologiae
587 1089 659 1136 eam
682 1069 850 1136 scientiam
873 1069 1073 1152 significasse
1096 1089 1193 1154 quam
1214 1062 1479 1154 ipse‘lleteoro

311 1165 446 1254 logicis'
470 1173 626 1256 explanat
648 1190 732 1255 quae
754 1170 910 1238 videlicet
926 1171 970 1237 ad
984 1172 1136 1239 sublimia
1149 1178 1305 1256 spectant
1345 1173 1480 1256 Exque

311 1271 449 1339 eflicitur
471 1279 507 1338 nt
527 1273 817 1358 praefatiunculam
837 1274 906 1340 alio
927 1291 1056 1357 quoque
1077 1276 1208 1342 nomine
1230 1281 1415 1359 suspectam
1436 1276 1481 1342 ab

311 1374 487 1441 Aristotele
510 1376 652 1442 alienam
675 1394 746 1442 esse
770 1375 934 1442 duoamm.
971 1373 1097 1452 Quodsi
1119 1397 1162 1442 ex
1183 1377 1337 1444 subsidiis
1359 1379 1481 1444 noetris

311 1475 389 1542 licet
417 1477 482 1543 sint
507 1479 609 1544 exilia
636 1478 853 1544 coniecturam
876 1477 984 1544 lacere
1006 1477 1057 1544 fas
1080 1485 1144 1562 est,
1172 1480 1324 1564 princeps
1346 1481 1481 1546 omnino

311 1578 504 1646 Aristoteles
526 1580 680 1646 sublimia
699 1579 885 1662 adpellasse
907 1577 1038 1645 videtur
1058 1582 1220 1664 μετέωρα.

398 1681 468 1746 Iam
490 1700 569 1748 vero
590 1681 698 1748 missis
720 1681 886 1764 paulisper
900 1683 1052 1748 meteoria
1074 1683 1273 1750 metarsia
1295 1683 1482 1750 considere

310 1801 392 1849 mus.
439 1781 531 1860 Quae
561 1801 628 1848 vox
657 1783 769 1865 quinto
793 1789 870 1848 ante
892 1781 967 1850 ohr.
991 1791 1056 1850 nat.
1080 1805 1164 1852 saec.
1189 1787 1235 1852 ita
1256 1783 1408 1850 adbibita
1433 1793 1483 1852 est

310 1889 346 1948 ut
375 1883 464 1950 idem
494 1884 690 1966 exprimeret
716 1889 814 1968 atque
836 1885 1032 1952 vocabulum
1054 1893 1221 1954 meteoron
1242 1887 1358 1954 latiore
1381 1907 1482 1955 sensu

311 1984 442 2051 dictum.
478 1986 606 2052 Etenim
620 1988 771 2052 univerae
787 2005 898 2053 omnes
913 2007 1012 2072 supra
1029 1994 1149 2056 terram
1163 2007 1217 2056 res
1232 1990 1289 2057 illo
1305 1990 1482 2058 emamus

314 2105 388 2154 esse
411 2087 553 2154 ostendit
575 2086 748 2170 Sophoclis
770 2088 1061 2175 lrg.1our‚4sqq.
1084 2091 1147 2157 Nl:

723 2233 743 2324 ἦ
769 2237 805 2304 δὲ
826 2243 1038 2326 βοσκηθεῑσα
1060 2240 1150 2328 φλὸξ

560 2337 697 2404 ἅπαντα
718 2333 921 2426 τᾶπίγεια
942 2345 999 2409 καὶ
1022 2341 1234 2427 μετάρσια

561 2439 677 2528 φλέξει
698 2453 852 2524 μανεῖσα.

310 2596 403 2664 Idem
434 2597 586 2663 vocabuli
608 2597 785 2663 metarsion
807 2616 884 2664 usus
905 2604 956 2664 est
978 2599 1012 2664 in
1033 2599 1256 2685 psephismate
1277 2622 1299 2667 a
1321 2601 1484 2684 Diopitbc

312 2699 518 2782 promulgato
549 2697 636 2781 quod
666 2698 784 2763 leviter
810 2700 938 2782 stringit
960 2700 1153 2768 Plutarchus
1175 2703 1210 2768 in
1232 2703 1321 2768 vitae
1341 2703 1483 2771 Periclis

311 2820 383 2884 oap.
394 2799 525 2866 XXXII
539 2821 572 2884 p.
588 2800 701 2865 roob:
723 2799 779 2863 καὶ
795 2797 960 2886 ψήφισμα
975 2806 1172 2888 Διοπείθης
1188 2800 1334 2887 ἔγραψεν
1347 2797 1482 2890 Ἑίσαμ-

311 2903 494 2988 μέλλεσθαι
522 2898 601 2978 τοὺς
626 2899 671 2966 τὰ
698 2904 782 2966 θεῖα
809 2897 855 2986 μὴ
886 2902 1082 2986 νομίζοντας
1108 2892 1130 2992 ἢ
1156 2902 1273 2989 λόγους
1293 2907 1376 2989 περὶ
1397 2911 1459 2971 τῶ
1465 2935 1482 2973 ν

310 3007 553 3089 μεταρσίων
588 3001 809 3080 διδάσκοντας
860 2996 1121 3089 ἀπερειδόμενος
1152 3005 1201 3084 εἷς
1228 3009 1397 3094 Περικλέα
1430 3003 1478 3076 δι’

309 3096 536 3190 Ἀναξαγόρου
564 3102 626 3193 τὴν
654 3100 829 3171 ὑπόνοιαν.
873 3106 1108 3195 Spontopatet
1130 3110 1287 3179 hocloco
1310 3109 1481 3193 μετάρσια

310 3211 400 3276 idem
423 3208 591 3275 declarare
612 3215 711 3291 atque
733 3210 885 3290 μετέωρα
908 3229 1044 3293 quorum
1059 3215 1284 3280 tractationem
1298 3212 1480 3281 Athenien·

312 3314 397 3380 sium
429 3311 546 3393 volgus
578 3309 785 3395 pbilosophis
819 3311 1016 3396 exprobrare
1043 3312 1224 3382 adsolebat
1271 3316 1382 3400 Atque
1412 3338 1480 3384 vox

311 3414 488 3481 metarsion
511 3412 589 3495 quia
608 3430 724 3496 reapse
739 3412 855 3478 eodem
872 3432 970 3480 sensu
985 3415 1200 3500 usurpabatur
1218 3437 1282 3500 qno
1297 3424 1479 3488 meteoron

312 3516 450 3582 eandem
472 3519 591 3580 sortem
613 3534 713 3597 passa
734 3521 785 3581 est
805 3521 904 3598 atque
927 3515 985 3581 illa
1006 3535 1148 3600 moxque
1163 3519 1198 3584 in
1212 3520 1333 3584 malam
1348 3526 1480 3601 partem

311 3624 361 3684 est
382 3621 519 3701 accepta
535 3616 587 3692 (cl.
604 3610 710 3700 [Fiat]
723 3609 799 3683 ‘Sis
828 3617 943 3699 389A;
967 3617 1049 3683 Plut.
1063 3611 1159 3684 ‘Per'
1176 3619 1255 3704 Gap.
1272 3621 1302 3686 V
1316 3641 1347 3704 p.
1364 3622 1481 3706 15403

311 3717 412 3786 schol.
435 3719 533 3784 Arist.
553 3711 661 3784 ‘Nub'
686 3739 717 3784 v.
741 3719 830 3799 320).
874 3717 942 3785 Sed
963 3719 1005 3784 de
1028 3719 1090 3786 bac
1110 3723 1243 3788 notione
1265 3720 1435 3794 lacerus.

398 3820 443 3887 Ut
465 3839 549 3904 quae
572 3819 739 3904 bucusque
762 3821 904 3887 eruimus
925 3821 1073 3903 praecise
1096 3824 1303 3906 complectar,
1326 3825 1382 3908 qui
1399 3835 1480 3894 ante

310 3922 521 3990 Aristotelem
558 3921 649 3988 fuere
686 3928 831 3989 meteora
868 3923 1101 4006 intellegebant
1136 3931 1193 3990 aut
1229 3927 1384 3994 caelestia
1422 3937 1480 3995 aut

310 4025 464 4090 liberiore
493 4040 590 4088 sensu
623 4042 846 4108 quaecumque
875 4044 973 4108 supra
1001 4031 1120 4090 terram
1150 4027 1258 4109 posita
1286 4034 1360 4095 sunt
1382 4028 1429 4108 (b.
1453 4051 1478 4098 s.

310 4125 465 4195 caelestia
486 4128 519 4188 et
543 4125 723 4205 sublimia):
753 4125 835 4193 baec
857 4131 889 4192 et
911 4127 1064 4194 mctarsia
1085 4127 1305 4194 nominabant.
1350 4127 1477 4196 Aristo·
