3198 4974
236 417 278 472 De
294 417 419 474 lontibus
435 417 561 489 Dionysii
578 419 828 476 Halicarnassensis
847 420 1019 490 quaestiones
1036 421 1136 476 uariae.
1210 421 1272 480 195

114 589 199 674 quod
229 592 351 657 maiore
381 591 530 657 libertate
562 612 638 659 usus
665 611 762 676 quam
785 613 836 659 ex.
860 613 907 677 gr.
929 595 963 658 in
982 586 1173 661 ‘Publicola'
1197 615 1272 662 auc·

112 699 195 758 tores
211 711 285 759 suos
301 693 334 757 in
348 684 542 760 ‘Coriolano'
569 700 696 760 secutus
720 700 777 776 est,
803 714 913 760 eorum
935 696 1151 762 narrationem
1174 697 1271 765 modo

111 814 238 876 cogens,
254 794 352 860 modo
365 795 576 879 amplificans,
593 796 690 862 modo
705 794 866 863 rhetorice
882 817 1053 880 exornans,
1077 800 1154 881 quin
1171 799 1270 865 etiam

111 897 251 980 simplici
266 897 450 962 narratione
465 897 580 963 relicta
602 897 650 962 sic
671 917 722 963 res
747 916 922 980 exponens,
947 901 1039 981 quasi
1063 907 1138 966 ante
1160 901 1270 967 oculos

109 1004 297 1081 agerentur,
331 998 412 1081 ipsis
441 997 606 1064 hominum
637 999 839 1065 sermonibus
872 1000 1012 1066 insertis.
1068 1001 1119 1067 lta
1151 1001 1202 1085 fit,
1236 1013 1272 1068 ut

108 1119 313 1183 nequaquam
330 1120 372 1166 ex
388 1100 586 1182 quibuslibet
601 1099 864 1182 dissensionibus,
882 1121 966 1184 quae
981 1103 1064 1168 inter
1077 1103 1270 1186 Dionysium

109 1209 140 1269 et
154 1200 363 1267 Plutarchum
379 1201 591 1284 reperiuntur,
615 1201 769 1285 colligere
784 1203 882 1268 liceat
897 1203 997 1268 alium
1020 1225 1059 1270 ac
1076 1199 1268 1288 Dionysium

108 1303 274 1370 Plutarchi
304 1302 403 1369 fuisse
433 1310 607 1369 auctorem.
653 1302 751 1369 Guius
780 1303 828 1370 rei
857 1305 1147 1372 luculentissimum
1170 1307 1269 1373 totius

108 1407 181 1472 libri
205 1406 390 1489 exemplum
413 1405 454 1470 H.
478 1404 573 1472 Peter
586 1406 608 1482 ¹)
631 1406 815 1488 proposuit,
844 1425 914 1472 cum
940 1407 1022 1472 Plut.
1046 1406 1118 1474 (lor.
1142 1429 1169 1474 c.
1193 1412 1213 1474 9
1237 1414 1270 1475 et

110 1512 147 1572 10
171 1508 332 1592 conferret
355 1503 544 1574 cum‘Dion.
569 1505 613 1570 VI
636 1508 687 1588 92,
712 1509 827 1590 6-94,
851 1510 881 1572 2.

194 1610 313 1674 Verum
343 1611 429 1674 enim
459 1627 553 1691 vcro,
583 1615 619 1672 ut
643 1607 684 1672 ad
716 1609 820 1693 ipsam
850 1611 898 1674 rei
921 1610 1188 1692 disceptationem
1211 1613 1267 1678 ad-

108 1711 303 1795 grediamur,
322 1711 515 1793 Dionysium
531 1720 563 1775 et
578 1729 693 1775 revera
708 1731 729 1775 a
743 1710 918 1778 Plutarcho
941 1715 1138 1796 exscriptum
1161 1733 1268 1798 neque

106 1814 200 1896 parvi
215 1813 421 1878 aestimatum
438 1832 509 1878 esse
526 1832 568 1877 ex
585 1811 647 1877 hac
662 1831 726 1876 una
743 1833 779 1878 rc
802 1815 1016 1898 cognoscitur,
1040 1815 1127 1899 quod
1150 1816 1268 1882 erroris

107 1915 273 1980 cuiusdam
297 1915 470 1998 correctio,
501 1933 598 1997 quam
622 1914 797 1998 Dionysius
821 1917 930 1983 multis
953 1917 1179 1984 commendare
1202 1925 1267 1984 stu·

106 2015 191 2098 duit,
221 2037 242 2082 a
273 2015 448 2081 Plutarcho
479 2035 587 2082 errore
615 2018 687 2099 ipso
716 2023 749 2083 et
782 2019 888 2085 causis
922 2019 1105 2102 corrigendi
1139 2019 1267 2087 omissis

106 2124 242 2204 accepta
257 2125 314 2184 est.
349 2117 386 2182 ln
408 2117 578 2183 annalibus
603 2120 686 2184 enim
704 2119 858 2186 Romanis
881 2120 1051 2204 legebatur
1073 2121 1267 2204 Dionysium

105 2225 277 2304 tyrannum
306 2219 537 2302 Syracusarum
567 2240 597 2284 a.
628 2223 764 2286 262l492
794 2223 948 2288 Romanis
980 2223 1066 2288 fame
1101 2223 1266 2307 oppressis

104 2321 299 2388 frumentum
323 2320 408 2386 dono
432 2323 575 2404 misisse3
599 2322 776 2404 Dionysius
799 2323 1097 2390 Halicarnassensis
1114 2325 1174 2389 VH
1192 2329 1206 2388 1
1226 2342 1266 2388 ea

104 2430 211 2489 aetate
236 2443 298 2489 non
322 2423 531 2506 Dionysium,
560 2422 620 2489 sed
642 2424 799 2489 Gelonem
823 2423 995 2506 Syracusis
1017 2445 1171 2507 regnasse
1192 2445 1265 2508 pro-

104 2525 181 2591 bare
210 2525 336 2609 studet;
366 2524 557 2591 Plutarchus
588 2525 706 2591 Ocriol.
734 2546 760 2592 c.
786 2528 825 2591 16
856 2527 1013 2612 Gelonem
1048 2527 1174 2594 misisse
1207 2546 1266 2610 pro

103 2645 183 2694 vcro
205 2627 317 2692 tradit.
364 2625 436 2705 Qua
464 2646 505 2692 ex
532 2647 567 2693 re
592 2628 744 2710 quoniam
767 2634 893 2694 constat
915 2627 1124 2695 Plutarchum
1147 2648 1165 2694 e
1188 2629 1266 2694 Dio·

102 2732 197 2812 nysio
231 2729 394 2810 hausisse,
426 2727 570 2794 eiusdem
603 2730 651 2794 rei
679 2731 854 2812 vestigium
883 2729 1004 2796 adferri
1033 2738 1141 2815 potest
1168 2732 1272 2814 etiam,

102 2831 185 2896 illud
200 2851 261 2914 per
276 2851 312 2896 se
327 2850 392 2896 non
413 2831 491 2895 satis
514 2837 635 2896 certum
658 2839 891 2915 argumentum,
915 2832 1001 2915 quod
1024 2839 1057 2898 et
1072 2853 1092 2898 a
1108 2834 1266 2917 Dionysio

103 2941 136 2998 et
164 2953 185 2998 a
214 2931 391 2998 Plutarcho
420 2930 707 3013 (consentientibus
737 2933 778 2999 de
802 2954 865 3000 uno
888 2935 960 3001 loco
983 2935 1145 3001 nonnullis
1179 2935 1267 3002 Livii

101 3035 344 3118 manuscriptis)
361 3033 552 3100 Coriolanus
574 3037 758 3118 appellatur
780 3035 905 3102 Gaius
927 3036 1128 3120 Marcius,.a
1150 3039 1266 3103 ceteris

103 3137 253 3202 omnibus
283 3135 455 3203 Gnaeus.
498 3136 566 3203 Sed
599 3137 676 3219 boc,
706 3135 833 3202 edamsi
859 3140 1022 3205 communi
1042 3140 1155 3222 aliquo
1177 3138 1266 3204 fonte

103 3237 257 3321 Dionysii
283 3244 316 3303 et
343 3238 508 3304 Plutarchi
530 3239 581 3304 usi
604 3246 721 3323 essent,
743 3241 822 3306 satis
845 3241 1076 3324 explicaretur:
1100 3241 1265 3324 graviores

101 3338 181 3404 mihi
211 3339 363 3405 videntur
400 3359 471 3407 esse
506 3340 679 3408 verborum
712 3347 745 3407 ct
777 3343 993 3408 elocutionum
1026 3344 1265 3426 congruentiae,

102 3460 186 3522 quae
210 3461 407 3525 quamquam
435 3443 674 3524 angustioribus
696 3443 813 3509 finibus
836 3445 1026 3528 plerumque
1049 3444 1265 3528 includuntur,

101 3549 213 3609 tammo
258 3544 381 3626 passim
425 3550 628 3610 occurrentes
664 3564 685 3609 a
728 3544 880 3622 Peter02)
924 3565 988 3611 non
1033 3553 1124 3612 erant
1167 3546 1264 3612 dene·

100 3644 243 3724 gandae.

188 3744 258 3812 Sed
268 3745 404 3813 alteram
419 3749 452 3812 in
468 3754 593 3833 partem
610 3748 787 3833 disputanti
802 3750 907 3833 primo
919 3749 1031 3814 obtutu
1043 3768 1114 3814 sese
1127 3748 1265 3816 offerunt

100 3847 237 3913 nomina
265 3850 447 3933 compluria
474 3850 570 3917 aliter
598 3873 619 3916 a
646 3851 804 3935 Dionysio
835 3852 930 3917 aliter
957 3870 978 3915 a
1005 3849 1179 3917 Plutarcho
1208 3871 1262 3917 ex·

189 4086 216 4146 1)
234 4083 254 4134 1.
273 4082 290 4135 ι.
309 4099 336 4152 p.
360 4089 398 4137 ro.

189 4169 215 4231 a)
234 4165 253 4220 1.
272 4165 290 4220 1.
309 4185 336 4237 p.
358 4171 468 4224 13-16.
