3270 4968
827 1098 937 1165 PARS
958 1099 999 1164 Il.

390 1265 577 1358 Quomodo
605 1271 770 1348 codicum
797 1268 1070 1347 Isoorotoororo
1097 1271 1271 1344 memorio
1298 1267 1350 1344 ud
1369 1291 1437 1343 uos

799 1392 1017 1492 peruenerit.

422 1559 581 1638 Quoniam
610 1563 717 1645 priore
746 1562 981 1630 dissertationis
1010 1569 1101 1646 parte
1123 1563 1360 1628 Bnermannum
1390 1563 1492 1628 secuti

337 1663 466 1730 codices
482 1665 670 1748 Isocrateos,
694 1667 749 1748 qui
764 1671 903 1732 aetatem
919 1667 1068 1748 tulerunt,
1089 1665 1296 1732 tractavimus
1311 1665 1492 1746 graviores-

337 1784 400 1847 que
423 1767 606 1848 selegimus,
636 1787 719 1834 nnnc
745 1768 789 1834 ad
820 1788 890 1834 eam
920 1768 1146 1850 disputationis
1174 1773 1298 1851 partem
1326 1767 1491 1846 adeamus,

338 1887 403 1949 qua
431 1867 577 1933 codicum
611 1871 880 1936 necessitudinem
909 1872 1140 1954 examinemus,
1173 1889 1237 1952 qua
1269 1869 1417 1934 absoluta
1449 1867 1491 1932 ad

338 1988 410 2034 eam
440 1989 567 2053 qnoque
597 1974 818 2054 quaestionem
848 1973 1043 2057 respondere
1072 1972 1192 2054 licebit,
1223 1972 1333 2054 quanti
1363 1969 1491 2036 codices

337 2069 379 2134 ad
401 2071 552 2138 Isocratis
575 2075 675 2139 verba
697 2075 920 2142 constituenda
940 2075 1134 2142 aestimandi
1156 2075 1229 2140 sint.

422 2173 530 2256 Atque
552 2175 673 2257 primus
689 2176 876 2260 diligentins
891 2179 925 2244 in
941 2178 1024 2243 hanc
1039 2197 1105 2243 rem
1122 2175 1288 2259 inquisivit
1302 2175 1338 2240 B.
1354 2175 1492 2254 Keilius,

338 2275 394 2357 qui
410 2276 443 2339 in
455 2277 630 2349 ,analectis
647 2279 837 2346 Isocrateis“
854 2301 884 2363 p.
899 2281 992 2360 usses
1008 2299 1209 2346 communem
1220 2278 1367 2344 codicum
1381 2273 1490 2341 arche·

337 2382 451 2460 typum
466 2379 615 2446 evincere
631 2381 761 2464 studuit,
785 2403 803 2448 e
821 2403 884 2466 quo
900 2383 1045 2450 codicem
1061 2381 1249 2450 Urbinatem
1266 2381 1493 2462 vulgatumque

337 2480 524 2545 memoriam
541 2488 573 2548 et
589 2483 780 2566 Dionysiani
796 2486 881 2568 quod
905 2491 1036 2552 vocatur
1059 2483 1253 2567 exemplaris
1273 2481 1493 2548 recensionem

337 2582 446 2647 littera
467 2605 490 2666 y
512 2584 725 2666 significatam
740 2588 882 2671 pendere
900 2593 1001 2671 putat,
1025 2588 1076 2653 cui
1091 2587 1243 2668 medium,
1266 2591 1301 2650 ut
1314 2586 1361 2649 ita
1375 2583 1493 2664 dicam,

338 2684 444 2748 locum
468 2685 551 2750 inter
573 2686 738 2755 Urbinatis
760 2691 989 2774 volgatumque
1011 2691 1198 2756 memoriam
1220 2687 1351 2753 addicit.
1389 2683 1494 2763 Quam

339 2787 531 2850 sententiam
553 2789 680 2856 Keilius
704 2792 943 2858 commendavit
965 2795 1142 2859 orationum
1166 2791 1294 2857 delectu
1316 2795 1349 2854 et
1371 2787 1495 2868 ordine,

339 2905 403 2968 quo
426 2887 459 2951 in
482 2887 637 2956 Urbinate
660 2899 796 2976 exstant,
826 2897 881 2979 qui
904 2896 1113 2978 grammatico
1136 2893 1264 2961 cuidam
1293 2891 1391 2975 paulo
1420 2898 1494 2954 ante

339 2989 534 3072 Dionysium
556 2991 877 3064 Halicarnassensem
906 3000 1096 3064 anctoritate
1126 2997 1261 3080 pollenti
1291 2993 1495 3072 deberentur,

338 3097 435 3174 atque
458 3100 627 3176 praeterea
649 3097 763 3164 litteris
786 3101 1018 3184 marginalibus
1044 3100 1209 3182 adhibitis,
1239 3117 1322 3182 quae
1345 3097 1378 3160 in
1401 3095 1495 3164 Urbi·

338 3201 414 3260 nate
436 3196 573 3262 traditae
596 3198 639 3263 ad
661 3218 810 3266 versuum
833 3204 907 3268 libri
929 3203 1094 3270 cuiusdam
1109 3201 1324 3284 antiquissimi
1339 3199 1496 3264 ambitum
1615 3217 1616 3276 l

338 3297 483 3380 redeunt,
506 3298 646 3383 denique
670 3303 742 3384 ipsa
764 3303 886 3371 codicis
902 3305 1067 3372 Urbinatis
1088 3305 1220 3388 propria
1241 3303 1359 3368 virtute
1373 3303 1407 3366 in
1422 3322 1495 3369 cen·
1615 3311 1616 3324 ¹

339 3419 408 3463 snm
431 3408 556 3466 vocato.
594 3403 814 3472 Buermannus
836 3415 954 3490 autem,
978 3427 1072 3491 quem
1093 3407 1204 3472 harum
1219 3426 1324 3472 rerum
1339 3407 1495 3487 peritissi-

340 3521 428 3566 mum
452 3521 523 3568 csse
546 3524 609 3570 non
632 3513 682 3572 est
704 3510 758 3590 qui
774 3511 906 3594 nesciat,
928 3511 1030 3576 Keilii
1052 3512 1169 3576 librum
1183 3529 1353 3575 recensens
1369 3511 1389 3585 ¹)
1413 3507 1499 3574 hanc

340 3604 524 3686 opinionem
546 3607 729 3675 universam
752 3613 883 3694 quidem
899 3615 1069 3696 amplexus
1089 3621 1147 3696 est,
1170 3613 1229 3680 sed
1243 3614 1289 3678 ita
1303 3613 1498 3696 immutavit,

339 3713 374 3769 ut
402 3705 483 3773 duas
518 3714 640 3774 tantum
673 3713 856 3781 Isocrateae
890 3717 1062 3782 memoriae
1095 3716 1298 3782 recensiones
1331 3719 1499 3796 statueret,

341 3827 479 3890 quacum
497 3814 656 3878 sententia
670 3816 874 3884 Albreohtius
886 3822 909 3896 ²)
932 3822 1091 3886 convenit.
1129 3819 1181 3883 Ad
1199 3818 1259 3883 hoe
1275 3817 1498 3884 Bnermannus

341 3911 420 3994 quid
442 3914 572 3980 valeant
599 3909 647 4000 ea,
677 3938 760 4002 quae
783 3921 907 3988 Keilius
937 3923 1071 4004 singulis
1099 3924 1179 3988 locis
1208 3923 1378 3988 Isocrateis
1408 3923 1498 3988 nisus

432 4087 454 4148 1)
473 4083 695 4140 Wochenschrift
712 4087 732 4141 f.
750 4088 833 4142 klass.
854 4089 1001 4158 Philologic
1019 4091 1045 4144 Il
1063 4107 1089 4159 p.
1109 4091 1213 4160 621125.

428 4174 453 4238 2)
468 4169 674 4230 'Jahresbericht
691 4174 740 4229 des
758 4176 880 4232 Berliner
897 4178 1015 4248 philolol.
1035 4179 1148 4233 Vereins
1164 4179 1238 4234 XVI.
