3134 4986
485 381 662 449 (iuuencum
680 379 885 436 Posidonium.
1205 379 1267 440 395

109 552 177 618 uui
195 554 373 636 νεωτέρων.
422 549 473 618 Τὰ
503 549 614 618 πολλὰ
644 549 681 617 δὲ
702 555 769 618 cu'v
792 550 973 638 εἰρημένων
996 549 1119 618 ἐκτῶν
1141 557 1268 620 Ποσει-

112 653 235 719 δωνίου
259 651 428 742 εἴληπται.
462 653 558 735 Quod
580 653 797 723 testimonium
819 657 847 723 si
862 656 904 722 ab
920 655 991 739 ipso
1007 655 1182 724 Cleomede
1196 677 1268 742 per·

112 757 268 841 scriptun
290 763 348 842 est,
370 757 513 825 maximo
536 757 630 825 nobis
651 757 695 824 ad
717 759 786 825 eius
808 757 912 824 libelli
929 758 1033 826 lentes
1050 759 1269 842 explorandos

108 857 215 942 pretio
238 877 309 925 esse
332 857 439 925 debet.
472 856 591 926 Verum
614 859 655 926 de
678 859 747 926 eius
769 857 953 928 sinceritate
975 877 1085 943 pugna
1105 865 1154 926 est
1168 860 1269 927 borni·

108 975 187 1026 num
216 959 391 1026 doctorum.
439 961 565 1028 Etenim
594 975 666 1028 oum
689 960 867 1044 Peyronius
893 966 925 1026 ei
946 961 1077 1028 Bulaeus
1098 960 1151 1041 (oi.
1174 961 1268 1030 buius

108 1079 225 1130 comm.
248 1081 280 1147 p.
304 1063 378 1142 477)
406 1061 464 1130 illa
492 1063 593 1131 verba
622 1081 681 1147 pro
711 1063 829 1146 spuriis
852 1061 1008 1130 haberent
1030 1095 1071 1108 -
1094 1079 1269 1146 eorumque

108 1165 333 1232 auctoritatem
357 1169 484 1232 secutus
506 1171 556 1232 ost
577 1165 770 1231 norissimus
794 1163 898 1231 editor
921 1163 1105 1232 Oleomedis
1128 1199 1187 1250 -—,
1210 1165 1268 1232 aiii

107 1272 146 1332 nt
167 1265 312 1332 Blassius
335 1263 388 1343 (ci.
411 1265 433 1331 l.
449 1267 470 1331 l.
492 1285 525 1350 p.
543 1272 579 1332 11
604 1274 669 1334 not.
687 1267 718 1346 1)
752 1285 793 1332 ne
820 1265 1110 1333 subdubitaverunt
1137 1267 1270 1352 quidem

108 1367 186 1452 quin
202 1367 304 1452 ipsius
319 1365 504 1435 Cleomenis
524 1369 599 1434 stilo
613 1368 801 1434 debeantur.
834 1367 916 1434 (lum
938 1387 1015 1435 vero
1037 1387 1143 1453 neque
1167 1369 1201 1435 hi
1215 1387 1270 1437 ne-

108 1485 174 1553 que
196 1469 244 1534 illi
268 1467 453 1554 opinionem
475 1489 566 1536 suam
590 1467 788 1552 argumentis
810 1471 902 1537 iustis
924 1471 1085 1554 fulserint,
1116 1471 1175 1538 sed
1195 1473 1268 1556 plue

107 1569 258 1638 minusve
286 1569 517 1638 adseveranter
542 1573 747 1655 promulgare
770 1572 848 1639 satis
871 1570 1057 1656 habuerint,
1086 1573 1166 1639 utile
1186 1573 1270 1638 mihi

109 1675 218 1740 visum
240 1679 289 1740 est
310 1691 379 1739 rem
402 1679 640 1740 controversam
655 1693 714 1758 pro
728 1675 799 1740 eins
814 1675 974 1757 gravitate
989 1673 1100 1758 paullo
1115 1675 1269 1742 intentius

107 1776 331 1862 perpensitans
354 1775 382 1842 si
404 1773 614 1858 quaratione
636 1775 766 1842 decerni
789 1781 908 1859 posset.
945 1775 1052 1859 Atque
1074 1777 1213 1859 primum
1235 1783 1271 1842 ut

107 1895 170 1962 par
206 1883 255 1944 est
287 1877 442 1942 librorum
479 1877 667 1944 memoriam
699 1879 911 1963 speculemur.
967 1877 1112 1961 Excepto
1155 1876 1270 1944 codice

109 1977 304 2046 Taurinensi
336 1996 383 2044 nr.
408 1981 470 2046 363
504 1996 615 2046 omnes
643 1978 828 2047 Gieomedis
856 1979 931 2044 libri
959 1979 1060 2045 verba
1087 1993 1185 2063 supra
1212 1995 1267 2046 ex-

109 2083 232 2166 scripta
260 2079 422 2148 exhibent.
430 2083 451 2158 ¹)
495 2078 590 2159 Quod
619 2088 726 2148 autem
755 2083 788 2147 ln
816 2081 899 2146 libro
921 2077 1114 2148 'l‘aurinensi
1143 2081 1270 2167 desunt,

109 2201 192 2267 cave
214 2181 290 2250 hnic
311 2183 359 2248 rei
380 2183 514 2248 nimium
535 2181 666 2250 tribuas.
715 2183 799 2248 Nam
824 2189 1049 2266 praeterquam
1072 2183 1159 2266 quod
1181 2185 1270 2250 illius

110 2281 234 2353 codicis
261 2283 344 2352 fides
377 2283 478 2350 dubia
510 2292 568 2368 est,
600 2315 644 2329 *-
676 2291 762 2352 certe
795 2286 1025 2368 praestantiam
1059 2285 1135 2350 libri
1167 2286 1269 2352 Medi·

110 2389 163 2455 oei
190 2392 247 2452 ant
268 2386 406 2453 Parisini
436 2385 543 2470 quode
571 2402 674 2470 nuper
695 2385 852 2450 laudabili
875 2387 1145 2453 commentatione
1167 2389 1269 2456 disse-

110 2491 176 2556 ruit
205 2487 417 2556 Steinbrueok
446 2486 498 2567 (ci.
519 2480 583 2553 ‘De
607 2486 728 2554 Oleum.
758 2505 915 2570 cosmogr.
939 2486 1010 2553 cod.
1034 2488 1131 2571 quod.
1155 2487 1267 2556 Paris?

110 2586 233 2680 [i894])
255 2609 320 2657 non
341 2599 469 2674 aequat,
495 2623 531 2634 -
557 2589 702 2656 demotus
725 2589 781 2654 ilie
802 2589 957 2654 facillime
974 2590 1163 2672 explicatur.
1201 2591 1270 2657 Sci·

110 2697 190 2761 licet
224 2710 307 2776 quae
339 2700 477 2776 aguntur
510 2692 611 2758 verba
644 2697 789 2757 extrema
824 2698 897 2757 sunt
924 2692 1022 2757 totius
1056 2689 1270 2758 Cleomedeae

111 2791 300 2880 scripturae.
345 2793 436 2860 Nihil
457 2799 565 2860 autem
588 2793 717 2877 saepius
739 2794 848 2861 evenit
870 2811 967 2876 qnam
990 2799 1024 2858 ut
1046 2793 1121 2860 libri
1142 2813 1191 2860 ms
1213 2804 1270 2861 aut

109 2897 204 2964 initio
227 2902 283 2963 aut
310 2895 343 2961 in
364 2897 454 2963 calce
480 2902 536 2962 aut
558 2903 692 2979 utroque
714 2895 787 2962 loco
809 2896 1042 2961 mutilarentur.
1086 2895 1166 2962 Inde
1188 2895 1271 2962 nihil

111 2999 212 3066 roiert
238 3005 342 3064 utrum
364 2997 422 3063 illa
448 2999 549 3065 verba
577 2997 610 3063 in
638 2997 752 3065 codice
774 2996 967 3063 Taurinensi
1001 3002 1130 3064 exstent
1157 3017 1199 3063 an
1227 2999 1269 3064 ab

111 3121 153 3168 eo
176 3099 322 3182 exulent,
352 3117 424 3166 cum
452 3099 646 3184 optimorum
674 3099 828 3166 librorum
857 3099 1022 3184 praesidio
1051 3101 1174 3165 mnnita
1196 3101 1269 3167 sint.

201 3201 361 3280 Quoniam
383 3199 600 3268 testimonium
622 3221 644 3267 a
665 3201 820 3268 librorum
838 3202 994 3268 memoria
1007 3201 1090 3267 bene
1105 3201 1272 3266 fundatum

113 3319 188 3370 esse
217 3297 432 3386 ostendimus,
460 3305 667 3387 anquiramus
689 3323 765 3369 num
788 3303 866 3386 quid
890 3303 968 3370 certi
990 3303 1032 3368 de
1055 3302 1124 3369 eius
1147 3303 1271 3386 origine

113 3411 255 3472 statuere
288 3405 395 3472 liceat.
445 3401 641 3488 Diligentius
674 3405 809 3472 fontium
842 3405 985 3470 notulam
1016 3404 1178 3470 contuenti
1206 3409 1271 3470 tros

114 3505 198 3573 mibi
220 3523 291 3575 sess
314 3508 458 3573 obtulere
485 3523 620 3591 causae,
649 3525 749 3590 quare
771 3507 813 3572 ab
839 3507 911 3590 ipso
934 3505 1108 3572 cleomede
1136 3521 1207 3570 earn
1232 3505 1271 3570 li-

113 3609 204 3675 bello
230 3606 431 3676 subiunctam
455 3627 526 3676 esse
549 3609 732 3675 arbitrarer.
770 3609 912 3674 Primum
935 3607 1065 3690 quidem
1088 3605 1273 3673 adcuratior

114 3707 197 3775 milri
226 3709 447 3778 videturesse
468 3728 565 3794 quam
588 3717 622 3776 ut
644 3711 685 3776 ab
708 3711 774 3778 aiio
797 3726 868 3776 eam
891 3715 988 3792 atque
1010 3709 1146 3791 abipso
1168 3707 1273 3775 libelli

205 3965 230 4028 1)
249 3959 288 4015 Of.
306 3960 393 4016 Bakei
410 3977 506 4018 comm.
524 3961 568 4016 ad.
587 3959 689 4016 Oloom.
707 3956 822 4015 ‘Theou
840 3956 915 4030 cycl?
935 3975 963 4028 p.
982 3963 1041 4012 ili.
1077 3957 1160 4014 Falso
1178 3962 1273 4014 nanat

116 4042 224 4186 Zigffir
240 4044 259 4098 l.
277 4045 296 4100 l.
314 4061 341 4113 p.
356 4051 388 4100 ib
405 4049 517 4102 notia
535 4045 594 4100 cod.
608 4043 690 4100 Tuur.
708 4049 813 4100 tanturn
830 4045 913 4099 rerba
930 4043 966 4101 τὰ
985 4043 1078 4101 πολλὰ
1097 4075 1130 4084 -
1143 4039 1271 4117 εἴληπται

113 4142 149 4186 ’ΒΧ
209 4141 234 4185 θ.
