3170 4984
178 400 253 468 Quae
270 399 339 454 ratio
357 398 508 454 intercedat
524 399 595 454 iuter
609 398 759 456 Vitruvium
777 403 804 455 et
817 398 987 454 Athenaeum
1003 398 1198 456 mechanicum.
1236 396 1298 456 303

142 571 242 640 tradit
275 573 307 638 in
340 573 428 640 vallo
462 573 549 640 circa
576 578 705 655 portum
734 569 842 638 Rhodi
876 571 1072 638 exstruendo
1107 577 1299 656 occupatum

141 673 256 742 fuisset
291 675 465 742 Praeterea
479 675 608 740 omnino
624 672 770 740 Rhodios
785 693 892 740 rerum
907 671 1167 740 mechanicarum
1183 676 1301 759 peritia

142 777 285 860 insignes
307 778 407 851 fuisse
431 782 571 860 constat;
596 776 635 843 ci.
652 774 819 843 Strabonis
842 776 949 842 locum
972 778 1015 859 (p.
1032 775 1157 861 6530),
1180 777 1236 844 ubi
1259 777 1300 844 do

141 878 259 946 Rhodo
293 878 499 963 praedicatur
529 871 719 942 ‘aternius
754 874 790 941 ti
818 867 934 962 ὥσπερ
965 874 999 942 ἒν
1022 879 1214 966 Μασσαλίᾳ
1244 881 1300 946 καὶ

142 979 275 1065 Κυζίκῳ
297 977 339 1046 τὰ
363 981 443 1066 περὶ
464 977 542 1055 τούς
564 971 797 1062 ἀρχιτέκτονας
818 979 873 1044 καὶ
896 976 958 1055 τὰς
980 971 1223 1065 ὀρνανοττσιίας
1245 984 1300 1048 καὶ

141 1079 338 1170 θησαυροὺς
352 1072 468 1148 ὅπλων
484 1082 590 1146 τεκαὶ
614 1081 682 1144 τιῦν
698 1074 808 1146 ἄλλων
824 1077 1055 1146 ἕσπούδασται
1071 1081 1301 1168 διαφερόντως

141 1183 315 1270 anticeps
337 1186 402 1249 τῶν
425 1175 507 1265 παρ’
528 1176 643 1258 ἄλλοις
665 1173 822 1264 μᾶλλον.
868 1183 954 1250 Satis
978 1185 1076 1266 igitur
1099 1183 1150 1252 bis
1172 1205 1301 1270 quoque

141 1289 312 1373 probabile
334 1285 370 1353 dt
389 1287 624 1369 Agesistratnm
639 1303 840 1353 communem
852 1284 1012 1352 Athenaei
1029 1292 1061 1353 et
1072 1286 1212 1354 vitruvii
1227 1307 1300 1356 auc·

143 1399 247 1458 torem
263 1390 372 1456 fuisse.
396 1388 495 1456 Cuius
510 1387 732 1455 machinarum
748 1387 1019 1471 descriptionibus
1035 1389 1194 1472 praefatio
1210 1378 1300 1457 vidd-

140 1499 193 1558 tur
207 1491 394 1575 praeposita
408 1490 518 1573 fuisse,
542 1509 584 1558 ex
599 1510 665 1574 qua
680 1510 721 1558 ea
743 1496 897 1574 excerpta
922 1491 1060 1557 arbitror
1082 1510 1165 1574 quae
1189 1490 1230 1557 de
1254 1493 1300 1559 in-

111 1623 114 1628 *
141 1595 308 1663 stitutione
338 1599 370 1659 ei
393 1592 540 1659 doctrina
562 1591 760 1660 mechanicis
782 1592 966 1659 necessaria
988 1591 1077 1676 apud
1099 1591 1302 1660 Athenaeum

140 1719 173 1783 p.
191 1701 221 1780 i,
237 1698 332 1778 8-8,
349 1701 369 1759 4
392 1702 603 1780 exponuntur.

227 1796 326 1882 Apud
338 1797 520 1862 Vitruvium
543 1815 617 1863 num
640 1801 768 1879 praeter
790 1816 839 1880 ea,
863 1815 948 1879 quae
971 1799 1154 1864 communia
1176 1801 1208 1866 ei
1230 1807 1303 1868 sunt

142 1920 216 1968 cum
231 1900 411 1983 Athenaeo,
434 1897 595 1981 quaedam
610 1898 654 1965 ad
668 1898 905 1980 Agesisiratum
919 1898 1063 1982 redeant,
1086 1909 1216 1969 nonest
1238 1922 1302 1987 quo

142 2002 323 2070 diiudicare
338 2001 514 2087 possimus,
537 2006 681 2067 attamen
695 1998 831 2066 fortasse
848 2019 931 2083 quae
947 2000 988 2067 de
1004 2001 1141 2070 ballistis
1162 2010 1194 2070 et
1217 2011 1302 2072 cata·

142 2106 242 2190 pultis
265 2125 297 2188 p.
314 2107 460 2170 noo-71
479 2103 643 2168 Vitruvius
667 2103 820 2185 explicat,
843 2103 893 2168 illi
915 2101 1028 2170 debet:
1052 2123 1148 2188 quem
1172 2105 1303 2189 quidem

143 2205 185 2272 de
208 2203 259 2272 his
283 2223 411 2288 quoque
432 2202 591 2270 machinis
614 2205 782 2287 scripsisse
805 2203 880 2271 ideo
903 2207 1070 2288 coniciam,
1094 2207 1181 2290 quod
1204 2208 1303 2276 Athe·

141 2325 243 2374 naeus
272 2327 304 2390 p.
332 2309 362 2389 8,
390 2310 418 2372 7.
446 2308 465 2370 8
503 2305 545 2372 de
583 2306 654 2372 eius
692 2305 834 2388 tripalmi
868 2309 1033 2391 catapulta
1069 2315 1102 2374 et
1135 2310 1302 2393 palintono

142 2407 319 2491 praedicat.

229 2510 421 2594 Agesistrati
436 2515 526 2576 aetas
542 2508 723 2576 accuratius
739 2507 867 2575 definiri
881 2529 946 2577 nou
961 2516 1068 2594 potest
1084 2530 1181 2595 quam
1203 2511 1302 2581 fuisse

143 2618 306 2698 cumpost
321 2610 490 2680 Philonem
505 2619 538 2679 et
555 2611 743 2694 Ctesibium,
767 2630 902 2694 quorum
918 2610 959 2678 de
975 2613 1174 2696 temporibus
1196 2613 1304 2682 adhuc

143 2716 203 2784 sub
226 2714 332 2782 iudice
355 2715 396 2780 lis
420 2721 478 2782 est.

229 2819 298 2884 Iam
332 2816 517 2899 videamus,
551 2815 629 2899 quid
658 2815 699 2882 de
728 2817 799 2900 ipso
827 2813 995 2884 Athenaeo
1025 2816 1221 2885 censendum
1251 2818 1302 2886 sit.

145 2919 475 2986 Commemoravimus
504 2937 603 3002 supra
623 2918 769 2985 Dialesio
791 2917 954 2986 Athenaei
983 2919 1114 2986 dicendi
1137 2939 1238 3002 genus
1260 2920 1304 2987 ad

79 3101 83 3113 1
143 3019 361 3106 sophistarum
389 3021 602 3087 recentiorum
631 3026 772 3088 aetatem
799 3018 1003 3088 referendum
1029 3022 1136 3088 visum
1158 3041 1230 3090 esse
1253 3042 1304 3090 su·

144 3141 279 3206 musque
308 3123 378 3188 viro
408 3121 594 3190 doctissimo
623 3121 822 3207 adstipulaii.
868 3124 911 3190 At
939 3125 1040 3190 semel
1069 3125 1167 3190 etiam
1190 3125 1224 3190 in
1247 3126 1304 3205 eis,

29 3262 41 3286 .
144 3245 228 3310 quae
244 3244 287 3291 ex
302 3224 495 3308 Agesistrati
510 3224 593 3290 libro
608 3223 813 3292 Athenaeum
834 3226 868 3292 in
890 3246 983 3300 suum
1006 3227 1207 3294 transtulisse
1230 3247 1304 3295 con·

144 3327 322 3410 tendimus,
352 3328 465 3395 talium
493 3327 703 3410 ineptiarum,
733 3328 883 3410 qualibus
912 3329 1115 3412 prooemium
1137 3349 1235 3412 supra
1257 3331 1304 3396 vi-

144 3429 253 3496 dimus
268 3428 444 3513 abundare,
469 3430 653 3512 exemplum
677 3435 793 3513 exstat,
816 3449 847 3513 p.
867 3432 952 3512 15,2
975 3429 1126 3496 nimirum
1146 3422 1219 3494 ‘cod
1241 3427 1304 3515 γὰρ

145 3529 241 3616 ἔργον
257 3531 366 3607 καλῶς
383 3529 649 3614 διατνπουμένοο
665 3532 725 3596 τοῦ
748 3523 977 3616 ἀρχιτέκτονος
999 3523 1091 3597 τοῦδ’
1118 3525 1305 3620 εὑρίσκεται

144 3625 297 3709 εὐδοξία
320 3629 405 3698 κατὰ
422 3631 458 3698 δὲ
473 3631 570 3719 λόγον
588 3631 820 3716 ἔκτεθειμένον
836 3630 878 3698 τὰ
902 3631 1125 3717 συντάγματα,
1147 3635 1305 3717 μέγιστον

99 3737 102 3742 '
145 3731 213 3811 ἕξει
227 3733 321 3810 κλέος
336 3747 408 3811 τοῖς
423 3726 697 3822 ὖντομνήμασιν’,·
719 3735 778 3803 sed
801 3743 938 3820 apparat
959 3736 1042 3802 illud
1061 3729 1133 3800 ‘roi
1155 3734 1218 3822 γὰρ
1231 3787 1239 3802 .
1253 3788 1260 3802 .
1275 3787 1282 3803 .
1297 3789 1304 3803 .

142 3830 395 3922 ὑπομνήμασιν
412 3837 572 3905 Athenaei
587 3839 742 3921 loquendi
757 3838 975 3905 abundantiae
987 3839 1211 3922 imputandum
1223 3860 1305 3925 esse,

143 3961 209 4007 non
232 3940 452 4024 Agesistraio;
481 3939 569 4022 quod
598 3960 669 4006 cum
698 3939 785 4024 apud
808 3941 990 4008 Vitruvium
1014 3942 1218 4024 (p.275,12)
1241 3964 1305 4011 non

144 4043 308 4108 invenitur
337 4047 405 4108 tum
432 4042 520 4127 apud
543 4041 745 4109 Athenaeum
773 4043 858 4110 adeo
887 4063 951 4110 non
981 4061 1139 4110 conexum
1162 4050 1210 4110 est
1233 4065 1306 4112 cum

144 4142 420 4227 antecedentibus,
444 4150 488 4227 ut,
512 4144 590 4227 quin
612 4145 842 4229 interpolatum
864 4147 919 4228 sit,
942 4165 1007 4211 non
1029 4147 1132 4228 possit
1154 4146 1305 4219 dubitari.
