3170 4984
267 403 309 458 De
326 401 448 458 tontibus
466 400 591 473 Dionysii
607 399 857 456 Halieumassansis
875 399 1049 470 quaestiones
1066 398 1164 454 variae.
1235 393 1301 456 Dii

133 595 268 661 prorsus
289 575 421 642 mutatis
448 575 544 641 nimis
572 580 708 642 novaret
728 581 785 640 aut
814 575 954 659 impares
976 573 1065 640 viros
1086 578 1299 656 congregaret

136 713 178 726 --
200 677 283 744 alter
304 677 392 743 enim
414 676 451 742 P.
468 677 616 746 Valerius
640 678 737 744 etiam
761 675 823 743 boe
837 696 922 742 anno
937 676 1137 743 consulatum
1154 674 1298 758 gerebat,

135 780 218 848 alter
236 779 274 844 Τ.
290 779 458 845 Lueretius
474 777 572 846 bomo
587 785 657 845 erat
669 779 817 862 privatus
832 811 872 822 -
889 777 1037 844 Publio
1052 775 1182 842 Valerio
1197 775 1299 840 biar-

136 900 223 948 eum
248 881 380 947 fratrem
402 881 582 968 substituit,
610 881 649 946 T.
664 880 848 947 Lueretium
870 880 1003 946 retinuit
1024 880 1185 961 totiusque
1207 893 1300 944 exer·

135 983 219 1050 uitus
241 983 378 1067 imperio
401 983 554 1068 adempto
576 983 672 1052 laevo
695 983 913 1048 Romanorum
936 1000 1036 1048 eornu
1064 999 1121 1047 eos
1142 980 1302 1064 praeierit

136 1084 458 1168 fflmVQDD

222 1185 315 1265 Quae
343 1187 510 1270 bubusque
539 1185 581 1252 da
611 1185 698 1252 bello
721 1186 858 1252 Dtruseo
885 1181 1139 1268 disputavimus,
1168 1185 1217 1251 eis
1245 1190 1308 1250 aut

137 1288 266 1356 videtur
287 1289 428 1371 suaderi,
450 1295 486 1354 ut
499 1287 641 1353 Antiatis
656 1289 790 1355 annales
813 1285 934 1354 iontem
949 1287 1050 1353 fuisse
1066 1287 1206 1353 auetoris
1222 1285 1300 1353 Dio·

135 1391 222 1475 nysii
236 1396 397 1475 putemus,
419 1397 477 1456 aut
491 1390 606 1456 saltem
622 1387 704 1456 haee
719 1388 880 1456 sententia
893 1408 958 1455 non
972 1387 1138 1454 refutatur.
1175 1387 1300 1470 Restat,

135 1497 172 1556 ut
193 1490 429 1575 discrepantias
451 1491 609 1574 quasdam
632 1493 782 1575 quamvis
811 1492 902 1557 leree
924 1490 1103 1574 proferam,
1133 1490 1250 1573 quibus
1272 1490 1300 1556 is

134 1593 275 1661 fortasse
296 1594 356 1659 niti
378 1594 490 1676 possit,
514 1593 570 1676 qui
593 1592 743 1677 Dionysii
763 1593 981 1658 narrationem
1004 1593 1046 1658 ab
1069 1591 1200 1658 Antiate
1222 1610 1301 1657 non

134 1695 279 1781 pendere
308 1694 492 1762 contendat.
537 1695 645 1778 Atque
673 1695 875 1761 levissimum
902 1700 968 1778 est,
999 1693 1085 1778 quod
1108 1691 1300 1760 Plutarabus

133 1799 175 1876 (ο.
194 1801 232 1862 16
249 1793 291 1883 [p.
304 1799 378 1880 206,
390 1792 433 1882 6])
449 1796 614 1864 Valerium
630 1797 832 1863 Publieolam
848 1796 1015 1864 absentem
1032 1796 1196 1863 oonsulem
1211 1813 1300 1862 erea-

135 1905 203 1966 tum
227 1919 298 1966 esse
320 1899 439 1982 prodit.
483 1898 569 1964 Nam
592 1897 654 1965 boo
676 1917 717 1964 no
738 1898 892 1982 probaret
914 1897 955 1975 (V
971 1901 1012 1964 20
1028 1905 1062 1965 et
1076 1900 1147 1982 21),
1170 1899 1301 1965 diversa
1389 1959 1394 1970 ,

134 2001 273 2068 fortasse
285 2006 464 2085 temporum
475 2001 611 2083 ratione,
628 2019 723 2084 quam
737 2000 942 2083 sequebatur,
953 2007 1066 2067 auotor
1077 2000 1228 2083 Dionysii
1243 2017 1300 2082 po·

134 2109 220 2170 terat
233 2103 440 2170 commoveri.
470 2102 611 2169 Gravius
623 2102 674 2183 sit,
690 2101 778 2186 quod
790 2108 874 2168 teste
886 2101 1121 2182 Plutarebo(16
1134 2104 1219 2185 [ibit
1234 2096 1299 2186 ibD

228 2291 250 2352 1)
268 2286 321 2341 Est
338 2287 391 2342 hoo
408 2286 514 2354 insigne
531 2285 691 2354 exemplum,
711 2301 764 2354 quo
783 2285 976 2340 historicorum
994 2285 1101 2340 illorum
1113 2284 1300 2339 Romanorum

135 2370 276 2426 historiam
289 2376 316 2426 et
327 2370 480 2428 inveniendi
492 2378 519 2426 et
531 2369 698 2440 depravandi
709 2371 781 2424 ratio
791 2371 893 2439 optime
904 2369 1066 2426 illustratur.
1089 2369 1173 2424 Cuius
1184 2367 1301 2423 rationis

134 2453 238 2511 formas
256 2455 449 2511 usitatissimae
462 2472 523 2510 eum
537 2453 676 2510 Curtius
686 2454 965 2510 Waobsmuthius
976 2460 1138 2524 praeceptor
1149 2453 1301 2508 illustrissi-

135 2557 196 2596 mus
208 2557 265 2596 non
282 2541 341 2596 aine
352 2540 446 2594 fructu
458 2539 601 2595 collectum
614 2543 641 2594 at
653 2541 820 2610 descriptum
832 2540 865 2594 iri
876 2555 965 2610 nuper
977 2541 1015 2606 (iu
1023 2535 1163 2594 ‘Kleinare
1174 2539 1302 2608 Beitrage

132 2641 185 2681 aur
202 2625 381 2694 deuehiohte3
399 2623 567 2680 Festschrift
583 2641 646 2680 aum
663 2625 788 2680 dauteab.
807 2623 1006 2694 Historikertag
1024 2625 1052 2678 in
1069 2616 1195 2694 Laipaty’
1213 2641 1240 2694 p.
1254 2627 1298 2689 68)

132 2710 306 2775 iudicaverit,
329 2727 386 2766 non
409 2710 458 2766 abs
476 2726 506 2764 ro
530 2715 598 2780 puto
616 2710 748 2766 nonnulla
765 2709 820 2764 alia
837 2711 974 2780 exempla,
999 2725 1069 2779 quae
1092 2709 1146 2763 baa
1170 2709 1198 2763 in
1220 2712 1300 2778 parte

132 2796 264 2854 historiae
281 2795 421 2852 Romanae
439 2801 602 2864 occurrunt,
620 2795 775 2852 adnectere.
795 2826 825 2834 -
845 2795 926 2861 Dius,
945 2797 978 2850 da
996 2810 1051 2864 quo
1069 2809 1154 2862 supra
1171 2793 1297 2861 diximus,

134 2881 298 2938 simillimum
319 2882 473 2952 exemplum
496 2881 668 2950 cognoscitur
685 2880 766 2935 Dion.
784 2879 824 2934 Vl
849 2884 880 2934 12
900 2881 962 2936 coll.
982 2898 1006 2935 ο.
1025 2880 1084 2936 Lis.
1102 2879 1130 2936 11
1150 2883 1198 2946 20,
1217 2884 1297 2934 t-ir

133 2984 186 3038 pro
203 2965 243 3021 M.
256 2965 414 3032 Valerio,
432 2983 512 3036 quem
529 2965 558 3020 in
575 2980 667 3035 pugna
679 2963 829 3033 Regillensi
847 2966 967 3020 occisum
986 2981 1047 3021 esse
1058 2966 1224 3034 antiquiores
1241 2969 1298 3018 tra·

133 3052 261 3110 dideraut
272 3051 431 3120 scriptores,
448 3051 627 3121 aposteriore
639 3051 755 3118 quodum
768 3081 799 3090 -·
814 3049 953 3106 Antiatem
971 3049 1056 3105 fuisse
1067 3049 1140 3104 infra
1152 3053 1223 3119 (cup.
1236 3049 1298 3114 VII)

135 3139 239 3196 docebo
257 3167 290 3178 --
309 3135 340 3192 P.
354 3134 438 3190 etii.
451 3134 597 3201 Valerii,
614 3133 738 3190 fratris
756 3134 844 3202 filii,
863 3135 1005 3190 substituti
1018 3141 1091 3202 sunt,
1109 3135 1173 3204 quia
1185 3133 1298 3190 uarum

134 3230 251 3295 patruus
263 3221 415 3278 dictaturae
427 3223 493 3276 anni
512 3221 625 3291 moyses
636 3221 817 3276 manardus
833 3227 902 3276 erat
915 3220 1029 3276 -Item
1046 3236 1097 3288 pro
1108 3218 1297 3289 Tarquinio

134 3307 289 3378 Superbo
307 3306 336 3362 iu
353 3306 406 3360 boc
423 3305 527 3375 proaiio
545 3311 684 3376 pugnante
700 3319 718 3360 a
736 3306 821 3360 sciolo
839 3305 957 3374 quodam
968 3310 1082 3360 auctora
1100 3335 1131 3346 -
1151 3304 1244 3360 neseio
1262 3318 1299 3358 aa

132 3395 234 3452 Paene
250 3391 297 3458 (oi.
311 3391 426 3446 munros
443 3391 470 3444 d.
482 3394 555 3458 gent.
569 3391 630 3444 Vel.
642 3407 671 3460 p.
687 3395 728 3452 14)
746 3421 789 3455 -‚
807 3391 854 3459 qui
871 3389 1053 3460 Tarquinium
1069 3389 1223 3460 Superbum
1239 3394 1299 3444 tum

133 3478 304 3550 provectiore
321 3481 410 3532 aetate
425 3474 512 3532 tuisse
523 3481 739 3545 conparaverat„
758 3491 840 3544 quam
857 3481 890 3530 ut
906 3477 966 3545 ipse
978 3490 1100 3546 pugnare
1111 3479 1213 3544 posset,
1231 3474 1298 3529 eub-

133 3564 247 3624 stitutus
265 3567 307 3618 est
324 3561 428 3618 Titus
446 3561 541 3618 iilius
559 3561 595 3616 ot.
608 3561 688 3616 Dion
703 3559 741 3616 VI
759 3566 784 3626 5,
797 3565 824 3622 53
846 3565 910 3628 t1,t
934 3560 995 3616 eall.
1015 3576 1039 3616 ο.
1052 3559 1110 3614 Lis.
1124 3559 1152 3613 11
1167 3561 1246 3626 itt.
1262 3583 1298 3602 «-

134 3648 171 3706 iii
190 3645 294 3702 bodoni
317 3659 399 3716 quarn
417 3644 640 3700 Waabsmutbius
664 3647 681 3700 l.
700 3646 718 3700 1.
736 3643 897 3710 iiinatrarit,
920 3646 1021 3701 similes
1045 3649 1110 3700 sunt
1132 3645 1197 3699 bae:
1223 3644 1298 3713 apud

132 3732 294 3802 Dionysium
311 3729 351 3786 vl
363 3733 405 3793 25,
423 3734 439 3784 4
456 3729 589 3799 scripturn
606 3730 719 3799 legimus
734 3729 849 3786 Latinos
870 3731 942 3786 uitro
956 3729 1092 3787 auxilium
1109 3729 1250 3796 obtulisse,
1266 3733 1298 3786 st

133 3835 153 3876 a
169 3821 267 3874 senatu
284 3817 415 3886 populum
427 3815 580 3872 Romanum
590 3817 651 3870 aias
669 3829 725 3870 non
741 3815 862 3882 indigere
878 3831 940 3871 essa
956 3829 1132 3884 responsum
1150 3814 1298 3886 Dionysius

133 3904 175 3960 IX
184 3909 209 3971 5,
219 3905 235 3956 2
247 3907 342 3958 murat
354 3900 492 3957 dimidium
502 3901 674 3964 auxiliorum,
687 3916 757 3970 quae
765 3899 857 3956 Latini
868 3905 896 3955 et
905 3897 1017 3955 Hernici
1028 3900 1168 3969 miserant,
1180 3901 1298 3956 munina

133 4006 197 4047 aum
213 3987 303 4058 gratia
319 3988 462 4042 remissum
480 4001 549 4042 esse.

220 4073 281 4128 Nea
297 4087 353 4128 nou
369 4071 424 4126 aiia
440 4071 568 4127 similium
585 4071 756 4127 inventorum
773 4071 900 4141 exempla
917 4070 1100 4141 reperiuntur,
1117 4085 1188 4140 quae
1205 4077 1296 4127 mnan
1363 4065 1368 4076 '

132 4175 207 4216 nuno
225 4159 312 4214 mitto.

1090 4241 1138 4298 15*
