3134 4986
311 395 374 454 386
760 395 887 464 Hdgarur
904 396 1017 452 Martini

312 569 389 634 dere
420 567 576 635 videmus.
622 569 750 635 Deinde
779 587 898 651 magna
926 569 1157 634 sententiarum
1187 569 1399 638 communitas
1420 579 1468 638 est

312 671 492 753 fragmento
515 690 557 736 ex
579 671 722 754 epitoma
740 669 925 736 Geminiani
936 660 1145 736 ‘commenti'
1163 670 1252 754 apud
1267 670 1468 755 Simplicium

312 778 441 838 servato
457 791 529 837 cum
544 769 764 838 mathematici
776 770 906 838 Gemini
922 771 1196 856 disputatiuncula
1206 771 1248 840 de
1260 764 1468 866 discriptione

310 873 427 938 artium
450 872 747 940 mathematicorum
771 873 823 947 (cf.
839 872 946 938 Procli
968 892 1083 938 comm.
1106 875 1140 938 in
1162 873 1251 940 Eucl.
1270 868 1398 941 ‘lllem.’
1417 878 1468 942 l.I

310 995 342 1059 p.
357 975 407 1056 38,
429 977 540 1057 1-42,
556 977 585 1040 8.
610 975 694 1042 Vide
709 981 742 1042 et
755 975 907 1056 Tannery
919 966 1047 1040 ‘Gtom
1063 966 1127 1040 (ir.³
1151 995 1183 1058 p.
1201 977 1241 1042 38
1249 979 1344 1059 sqq-l·
1379 978 1467 1044 Post-

309 1096 398 1142 remo
414 1083 548 1161 uterque
564 1077 718 1144 Geminus
731 1076 913 1143 Stoicorum
928 1082 1038 1142 sectae
1052 1075 1201 1143 addictus
1215 1078 1316 1145 fuisse
1331 1081 1467 1147 videtur.

311 1178 407 1258 Quod
435 1199 509 1246 cnm
537 1200 579 1245 ex
601 1180 675 1247 aliis
697 1179 793 1245 rebus
816 1177 1073 1244 concludendum
1096 1183 1160 1260 est,
1191 1186 1258 1244 tum
1281 1181 1360 1249 inde
1383 1185 1467 1266 qnod

311 1282 407 1348 ambo
435 1281 479 1347 ad
501 1281 629 1348 Stoicos
656 1286 804 1347 auctores
832 1299 1010 1364 provocare
1040 1281 1256 1368 singularibus
1286 1284 1320 1348 in
1343 1283 1467 1352 deliciis

312 1383 441 1450 habent.
491 1384 598 1466 Atque
634 1381 879 1448 mathematicus
913 1381 1068 1448 Geminus
1101 1383 1190 1465 apud
1223 1383 1374 1451 Proetum
1405 1388 1426 1452 l.
1447 1388 1467 1452 l.

310 1508 342 1570 p.
360 1487 431 1569 395,
450 1490 489 1550 14
513 1486 731 1570 Chrysippum
754 1483 881 1566 landat;
904 1484 978 1549 aliis
1001 1503 1110 1550 000000
1132 1485 1213 1552 10010
1235 1489 1348 1569 paullo
1371 1509 1468 1572 gene-

311 1589 412 1655 ralius
428 1587 470 1654 de
486 1589 526 1655 iis
542 1589 683 1670 loquitur
698 1585 754 1669 qui
770 1605 841 1650 cum
858 1584 976 1651 Stoicis
991 1584 1174 1655 1001001101
1190 1577 1260 1652 ἀπὸ
1277 1590 1337 1672 τῆς
1349 1592 1468 1669 Στοᾶς)

309 1681 557 1766 (01.Ρο001.1.1.
581 1710 613 1773 p.
631 1693 681 1772 77,
698 1691 733 1772 3;
757 1689 808 1768 89,
828 1691 881 1770 17;
909 1691 978 1768 194,
997 1691 1030 1770 1;
1054 1690 1126 1772 397,
1142 1691 1184 1764 2).
1214 1689 1375 1758 Plurimus
1393 1713 1467 1759 vero

310 1799 360 1858 est
388 1793 422 1856 in
454 1791 631 1857 adferendo
654 1789 829 1856 Posidonio
853 1789 998 1871 Apameo
1027 1790 1110 1856 adeo
1133 1797 1168 1855 ut
1190 1810 1263 1856 enm
1286 1790 1382 1860 huius
1406 1801 1467 1860 stu-

309 1895 526 1961 diosissimum
549 1891 649 1958 inisse
672 1891 815 1956 dilucide
837 1889 1003 1973 adpareat.
1011 1892 1032 1968 ¹)
1067 1891 1135 1957 lam
1151 1891 1323 1958 Geminum
1347 1901 1465 1962 meteo-

307 1997 456 2079 rologum
483 1995 538 2060 vel
566 2001 784 2060 astronomum
813 1989 1063 2058 consideremus.
1108 1990 1172 2070 Qui
1199 2013 1258 2077 pro
1289 1995 1396 2061 libelli
1419 1999 1466 2062 001

308 2098 443 2164 00001110
476 2098 510 2161 10
538 2086 813 2162 ‘Introductione'
847 2095 1038 2176 scriptorum
1067 2096 1199 2161 nomina
1227 2099 1351 2179 profert
1371 2101 1466 2166 raris-

307 2201 403 2265 sime:
424 2205 548 2264 tantnm
562 2198 658 2263 XVII
680 2197 853 2279 scriptores
875 2195 909 2259 in
931 2198 1079 2278 genuinis
1092 2190 1368 2265 ‘Introducticnis'
1394 2221 1465 2284 par·

307 2303 393 2368 tibus
415 2300 596 2367 laudantur.
643 2297 731 2377 Quos
754 2318 826 2364 cum
848 2298 954 2364 acrius
977 2300 1146 2382 intuemur,
1169 2300 1353 2366 invenimus
1376 2309 1464 2384 quat-

307 2411 379 2469 tuor
412 2423 523 2470 000001
557 2420 727 2487 germanos
757 2399 883 2466 Stoicos
911 2399 1030 2466 fuisse:
1063 2401 1198 2466 Aratum
1227 2400 1278 2478 (01
1301 2401 1466 2469 Susemihl

302 2498 399 2570 ‘Hist
431 2506 493 2571 litt.
515 2498 618 2570 Alex?
644 2503 709 2569 vol.
731 2503 748 2568 Ι
773 2523 804 2586 p.
822 2503 913 2583 288),
944 2501 1117 2586 Boethum,
1148 2502 1357 2588 Cleanthem,
1390 2505 1464 2572 Cra-

307 2613 423 2689 tetem;
453 2607 535 2674 duos
563 2613 671 2673 autem
699 2623 850 2686 magnam
877 2623 950 2669 cum
973 2601 1153 2669 Stoicorum
1176 2611 1265 2672 secta
1286 2609 1464 2674 necessitu-

307 2709 416 2774 dinem
440 2708 607 2777 habuisse:
631 2704 876 2773 Eratosthenem
900 2706 952 2782 (cf.
977 2704 1149 2770 Susemihl.
1173 2708 1193 2772 1.
1209 2709 1230 2772 1.
1253 2729 1285 2792 p.
1309 2714 1463 2794 410sqq.)

306 2816 339 2874 et
361 2809 535 2894 Polybium
555 2813 608 2888 (cf.
631 2809 741 2875 Hirnel
761 2800 901 2872 ‘Uuters
933 2825 972 2870 zu
994 2805 1060 2871 Cic.
1089 2807 1206 2892 philos.
1226 2807 1328 2877 Schr?
1353 2814 1417 2878 vol
1431 2814 1462 2878 Π

306 2905 415 2994 [1882]
444 2932 476 2996 p.
501 2915 560 2976 841
593 2932 707 2996 proxx.
739 2916 771 2974 et
793 2907 890 2974 Scala
909 2900 985 2972 ‘Die
1009 2908 1100 2974 Stud.
1130 2910 1188 2977 des
1210 2906 1335 2996 Polyb?
1361 2915 1461 2981 roll

304 3005 410 3098 [1890]
432 3033 464 3096 p.
481 3014 643 3096 201sqq.).
687 3013 739 3077 Hx
767 3011 807 3076 iis
836 3015 944 3075 autem
974 3011 1029 3092 qui
1058 3011 1179 3078 residui
1205 3021 1278 3079 sunt
1299 3017 1458 3100 scriptori·

303 3113 379 3196 bus,
415 3121 564 3196 quattuor
597 3114 685 3198 apud
714 3113 841 3178 Stoicos
874 3112 1046 3194 plurimum
1074 3115 1265 3181 auctoritate
1292 3118 1459 3184 valebant:

303 3216 378 3283 dico
394 3215 579 3301 Homerum,
602 3215 791 3296 Hesiodum,
814 3213 1032 3294 Aristotelem,
1051 3214 1284 3299 Hipparchum.
1319 3217 1460 3296 Quorum

300 3319 495 3402 posteriores
511 3319 575 3386 dno
590 3319 764 3403 praecipue
778 3335 799 3379 0
813 3313 988 3382 Posidonio
1005 3317 1114 3398 magni
1128 3318 1289 3384 aestimati
1304 3327 1388 3386 0001.
1411 3322 1460 3386 De

302 3419 521 3502 septendecim
540 3421 638 3503 igitur
655 3418 863 3503 scriptoribus
878 3417 912 3480 in
924 3408 1182 3486 ‘Introductione'
1202 3424 1460 3489 commemoratis

301 3521 414 3587 decem
438 3530 511 3588 sunt
533 3529 590 3587 aut
611 3522 713 3588 Stoici
735 3526 792 3585 aut
814 3517 931 3584 Stoicis
953 3517 1085 3600 plurimi
1107 3519 1205 3586 ducti.
1245 3521 1361 3588 Nonne
1386 3522 1460 3590 hinc

302 3623 371 3688 iure
394 3643 433 3689 ac
455 3624 570 3689 merito
593 3623 664 3707 quis
687 3623 860 3689 Geminum
882 3625 1100 3686 astronomum
1122 3621 1340 3689 aStcicorum
1361 3626 1460 3707 parti·

301 3723 361 3788 bus
384 3726 512 3792 stetisse
535 3724 703 3791 effecerit?
737 3722 832 3802 ouon
854 3740 932 3787 vero
955 3741 1052 3805 supra
1067 3721 1238 3789 Geminum
1256 3724 1459 3792 mathemati·

300 3842 373 3889 oum
395 3825 563 3892 Posidonii
592 3825 861 3892 studiosissimum
889 3823 989 3888 luisse
1018 3822 1276 3910 adfirmavimus,
1306 3826 1394 3893 idem
1418 3827 1461 3893 de

301 3928 519 4010 meteorologo
553 3929 649 3993 valet.
706 3925 769 4004 Qui
803 3927 864 3994 etsi
897 3925 930 3988 in
961 3917 1235 3992 ‘introductione'
1267 3929 1357 3994 nullo
1386 3930 1459 3996 loco

389 4063 412 4124 1)
439 4059 530 4113 Stoica
557 4074 742 4130 quaecumque
768 4059 796 4112 iu
822 4059 915 4114 Procli
942 4061 1135 4114 commentario
1160 4058 1255 4113 insunt
1281 4074 1315 4114 ex
1343 4061 1459 4116 Gemino

299 4143 403 4198 fluxere
419 4143 467 4211 (cf.
486 4144 612 4214 Tannery
626 4141 734 4199 ‘Gdom
753 4136 809 4198 Gr?
827 4160 856 4213 p.
870 4147 985 4214 18000).
