3170 4984
140 430 215 500 Quae
232 431 304 486 ratio
322 429 475 486 intercedat
492 430 564 485 inter
576 429 728 486 Vitruvium
746 433 775 485 et
785 429 956 487 Athenaeum
973 430 1169 486 mechanicum.
1206 429 1269 491 293

105 602 254 688 δέρματα
270 604 319 686 τῷ
335 595 451 688 πύργῳ
468 601 526 668 ἐπὶ
542 614 614 678 τοῖς
630 601 786 688 ῥηθεῖσιν
802 605 845 686 (p.
862 606 936 686 241,
954 605 1004 682 10)
1028 600 1086 670 ἐπὶ
1108 606 1150 690 τῇ
1165 629 1268 670 κατα-

103 707 203 788 σκευῇ
225 697 491 790 παραπτέρσις).
536 705 657 772 Contra
679 705 845 772 Vitruvius
875 705 954 788 quid
976 706 1101 792 iubeat,
1130 707 1266 775 Diodori

104 809 215 874 verbis
237 809 416 875 illustratur
441 806 492 874 his
516 808 592 886 (XX
616 810 668 889 91,
685 807 716 883 5)
738 800 898 890 ‘lepidae
921 798 953 870 δ’
980 801 1068 888 εἶχον
1092 807 1128 873 αἱ
1151 809 1266 894 στέγαι

99 907 187 973 κατὰ
210 907 399 995 πρόσωπον
432 921 506 985 τοῖς
533 912 744 993 μεγέθεσι..
762 904 900 994 ..πρὸς
921 904 983 984 τὰς
1006 906 1178 995 ἰδιότητας
1199 912 1265 976 τῶν

100 1007 293 1092 μελλόντων
316 1005 487 1098 ἀφίεσθαι
508 1010 615 1093 βελῶν
637 1002 875 1094 άρμοζσύσαςλ
906 1011 975 1077 Iam
989 1007 1162 1095 ¹utrumque
1176 1013 1265 1080 fonte

104 1113 247 1180 Vitruvii
274 1120 306 1180 et
327 1113 490 1180 Athenaei
503 1113 652 1207 fueritne
675 1111 856 1178 exhibitum
879 1133 922 1178 an
943 1114 1098 1179 alteruter
1120 1115 1265 1181 consulto

101 1217 274 1283 recesserit
296 1237 316 1282 a
338 1217 436 1298 fonte,
460 1235 524 1298 quo
547 1215 771 1298 quaestionem
795 1215 920 1281 solvam
943 1233 1007 1281 non
1031 1214 1147 1282 habeo.
1186 1215 1263 1282 For·

101 1323 266 1384 tasse'non
279 1319 455 1386 absurdum
468 1318 529 1384 erit
543 1316 693 1382 arbitrari
706 1315 889 1384 Vitruvium
908 1317 1043 1385 verbum
1061 1319 1266 1402 περίπτερον

99 1418 186 1486 falso
209 1420 419 1486 intellexisse.

193 1519 259 1587 Sed
274 1522 339 1587 iam
356 1521 536 1602 videamus,
553 1539 656 1602 quae
679 1539 726 1586 ex
749 1521 825 1601 eis,
849 1521 998 1602 quibus
1020 1521 1264 1606 pleniorVi-
1326 1570 1332 1580 .
1433 1533 1439 1542 '

81 1623 242 1688 'druvio
266 1623 602 1704 estAthenaeus,
626 1622 834 1688 einsfonti
853 1622 1075 1689 tribuenda
1097 1624 1186 1690 sint.
1216 1623 1264 1689 Ae

99 1723 145 1790 de
159 1724 324 1808 plerisque
340 1725 399 1790 vix
413 1729 521 1808 potest
535 1723 688 1810 dubitari,
712 1742 908 1807 quamquam
924 1724 1053 1807 singula
1073 1723 1144 1790 fieri
1159 1726 1265 1808 potuit

98 1833 137 1892 ut
165 1828 236 1912 ipse
258 1825 446 1894 Athenaeus
469 1825 613 1892 adderet.
658 1827 810 1893 Referam
833 1826 931 1908 igitur
953 1825 997 1891 ad
1019 1825 1142 1893 iontem
1165 1826 1263 1893 Athe·

98 1928 175 1995 nael
199 1927 294 1996 haee:

1119 2011 1198 2080 Vitr.

132 2136 166 2200 p.
191 2117 220 2197 9,
246 2117 285 2180 13
308 2107 450 2199 ἀπόρως
479 2111 515 2178 δὲ
542 2114 610 2178 τῶν
641 2111 736 2179 ἔνδον
759 2113 978 2196 διακειμένων
1002 2111 1059 2180 διὰ
1105 2135 1136 2198 p.
1155 2119 1261 2199 273‚8

391 2213 430 2281 τὸ
448 2213 554 2292 ξεῖνον
569 2217 629 2280 τοῦ
644 2213 880 2302 μηχανήματος
901 2217 1056 2300 συνέβαι-

395 2341 449 2382 νεν
473 2309 558 2382 αὐτὰ
582 2321 725 2383 πίπτειν
747 2321 883 2398 ταχέως.

178 2426 227 2504 10,
243 2425 309 2485 4.5
333 2417 418 2501 μετὰ
452 2421 558 2483 ταῦτα
596 2416 632 2482 δὲ
669 2417 834 2504 ἐποίησάν
871 2442 960 2494 τινες
997 2416 1055 2483 έπί
1132 2421 1263 2505 273,13

393 2519 576 2606 κυλίνδρων
591 2518 860 2604 προωθούμενον
882 2517 942 2586 τὸν
964 2517 1059 2605 κριὸν

392 2623 450 2688 καί
473 2613 578 2698 οὕτως
599 2619 749 2708 ἐχρῶντο.

131 2729 183 2809 12,
201 2729 305 2792 6-10
328 2719 400 2810 ἡδὲ
412 2722 529 2811 πρώτη
543 2727 640 2812 στέγη
654 2722 754 2806 έχέτω
768 2720 807 2789 τὸ
824 2713 914 2806 ὕψος
936 2719 1054 2808 πήχεις
1152 2726 1226 2806 274,
1242 2726 1261 2788 9

394 2810 452 2892 ᾗ
483 2834 515 2895 et
547 2847 631 2912 quae
664 2832 841 2911 sequuntur
877 2845 979 2910 nsque
1016 2825 1059 2891 ad

397 2926 593 3012 ἐλάμβανεν.

222 3034 304 3114 13,1
329 3016 450 3115 μακρῇς
472 3053 509 3094 τε
531 3033 586 3096 καὶ
608 3029 754 3116 μεγάλης
764 3030 786 3108 ¹)
1225 3031 1263 3093 10

288 3135 307 3194 2
329 3132 390 3197 τοῦ
413 3129 621 3206 πλάτους-
634 3130 673 3198 τὸ
698 3130 735 3196 δὲ
757 3133 861 3216 μῆκος
882 3128 1002 3215 πήχεις
1017 3133 1061 3194 M
1185 3130 1263 3196 ibid.

225 3238 309 3319 14,7
333 3229 460 3316 ὁμοίως
497 3229 636 3310 ἐκείνοις
670 3233 820 3314 ἔχουσαν.
859 3228 893 3296 ἐκ
926 3230 963 3297 δὲ
997 3232 1057 3296 τσῦ
1106 3235 1179 3316 275,
1197 3235 1262 3297 5.6

396 3327 498 3400 άλλου
520 3338 642 3419 μέρους
665 3328 766 3420 αὐτῆς

205 3439 390 3523 14,11καί
425 3427 530 3513 οὕτως
562 3434 681 3520 βάλλει
710 3433 771 3520 τὴν
799 3439 936 3518 κεραίαν
970 3431 1004 3500 ἐν
1036 3427 1059 3521 β
1244 3439 1263 3501 9

395 3549 585 3620 κριοκσπεῑ,
623 3534 844 3624 ἐφελκόμενος
882 3529 984 3626 αὐτὴν
1022 3535 1058 3603 ἐκ

396 3641 456 3705 τσῦ
477 3637 568 3706 κάτω
591 3630 727 3706 ὀνίσκου
749 3640 902 3720 κειμένου

205 3747 312 3828 15,13
338 3744 453 3808 Φίλων
477 3737 494 3807 ὁ
515 3739 711 3828 Ἀθηναῖος
722 3745 745 3819 ²)
1221 3740 1260 3800 21

225 3849 308 3929 16,1
335 3843 421 3930 πρός
449 3867 487 3909 τε
514 3841 576 3920 τὰς
597 3847 775 3928 γινομένας
797 3840 846 3918 εἰς
868 3839 928 3928 τὴν
951 3862 1057 3926 προσ·

194 4017 218 4081 1)
234 4013 286 4068 His
309 4013 399 4068 verbis
422 4011 620 4082 praetermissis
638 4011 732 4080 inepta
750 4009 836 4065 evasit
853 4009 927 4078 apud
943 4007 1098 4064 Vitruvium
1115 4006 1261 4074 seutentia3

97 4115 169 4158 nam
187 4114 240 4168 quo
257 4098 393 4154 referatur
410 4097 469 4153 eius
482 4090 588 4152 ‘eadem
606 4088 720 4152 ratione'
738 4096 792 4151 ism
810 4109 865 4150 nou
883 4094 970 4150 adest.

192 4188 218 4252 2)
237 4183 272 4239 el.
290 4182 363 4238 inira
378 4199 406 4253 p.
420 4184 469 4237 301
489 4182 552 4236 adn.
572 4187 596 4236 1.

1004 4266 1058 4318 20*
