3134 4986
321 375 387 434 342
773 373 899 444 Edguus
915 373 1029 430 llertlui

323 544 366 612 τὰ
387 546 450 630 μὲν
473 537 674 632 ἀποροῦμεν,
697 547 766 610 τοῖν
788 538 819 611 d'
847 543 1078 633 ἐφαπτόμεθά
1093 569 1170 611 τινα
1184 542 1323 627 τρόπον.
1359 538 1435 612 Ἔτι
1449 544 1479 609 δὲ

323 651 402 732 περὶ
425 649 592 736 κεραυνῶν
614 645 777 724 πτώσεως
799 647 855 713 καὶ
878 645 1042 734 τυφώνων
1057 648 1113 712 καὶ
1129 645 1332 734 πρηστήρων
1345 648 1407 712 καὶ
1420 649 1479 711 τῶν

323 745 435 815 ἄλλων
462 751 530 814 τῶν
559 746 751 833 ἐγκυκλίων,
779 740 845 814 ὅσα
868 746 925 815 διὰ
948 746 1072 833 πτῆξιν
1095 753 1273 832 συμβαίνει
1294 746 1398 835 πάθη
1421 751 1480 812 των

325 843 435 916 αὐτῶν
467 848 634 933 σωμάτων
665 848 804 916 τούτων.
855 855 901 929 (3)
928 848 1139 928 Διελθόντες
1172 849 1209 915 δὲ
1242 851 1322 935 περὶ
1354 848 1479 916 τούτων

323 951 567 1037 θεωρήσωμεν,
597 950 630 1018 e't'
655 977 690 1018 τι
713 949 889 1035 δυνάμεθα
911 949 997 1018 κατὰ
1018 949 1079 1018 τὸν
1100 947 1311 1040 ὑφηγημένον
1333 951 1479 1035 μέθοδον

321 1047 514 1120 ἀποδοῦναι
534 1055 615 1138 περὶ
638 1051 731 1139 ζῴων
752 1057 808 1119 καὶ
832 1055 956 1142 φυτῶν,
978 1052 1130 1120 καθόλου
1152 1077 1189 1119 τε
1203 1056 1258 1120 καὶ
1272 1059 1388 1138 χωρίς,
1413 1075 1479 1135 σχε·
1542 1102 1543 1150 q

322 1153 383 1221 obv
404 1153 468 1240 γὰρ
489 1154 618 1221 τούτων
641 1156 814 1242 ῥηθέντων
835 1155 932 1234 τέλος
954 1145 995 1221 dv
1018 1154 1069 1242 ε’ίη
1092 1153 1227 1242 γεγονὸς
1248 1159 1308 1246 τῆς
1331 1155 1369 1234 ἐξ
1384 1148 1479 1240 ἀρχῆς

323 1252 402 1341 ἡμῖν
431 1261 661 1342 προαιρέσεως
690 1255 820 1345 πάσης·
851 1249 915 1322 do'
948 1241 1006 1322 οὖν
1029 1249 1212 1342 ἀρξάμενοι
1235 1258 1384 1344 λέγωμεν
1407 1260 1480 1340 περὶ

320 1357 450 1424 τούτων
469 1361 630 1444 πρῶτον.
681 1359 776 1426 Hanc
808 1359 1043 1444 praefationem
1072 1379 1136 1443 quo
1164 1360 1271 1428 minus
1299 1359 1480 1427 Aristotelis

322 1461 451 1528 calamo
474 1462 620 1544 elapsam
643 1481 714 1529 esse
736 1462 875 1528 arbitrer
896 1461 1023 1528 duobus
1044 1462 1188 1527 maxime
1210 1462 1350 1528 retineor
1369 1463 1480 1528 causis.

323 1563 467 1628 Primum
490 1564 622 1628 minime
637 1563 821 1631 Aristotelis
844 1561 1044 1631 consuetudo
1067 1568 1137 1628 erat
1153 1567 1189 1628 ut
1204 1563 1382 1630 eiusmodi
1398 1564 1479 1629 tabu·

323 1667 372 1732 las
400 1665 582 1748 argumenti
610 1666 643 1730 in
672 1661 776 1732 fronte
799 1667 954 1733 librorum
977 1683 1107 1731 suorum
1130 1664 1313 1731 conlocaret
1334 1683 1401 1732 nec
1422 1665 1481 1730 ulla

323 1767 432 1834 hercle
454 1772 563 1851 potest
585 1765 701 1850 dispici
723 1787 822 1834 causa
843 1788 900 1834 cur
918 1756 1199 1848 ‘Meteorclogiea’
1225 1767 1356 1832 asolita
1375 1787 1480 1833 norma

323 1869 492 1952 excepisse
514 1867 748 1936 existimandus
771 1869 822 1936 sit.
860 1867 1033 1953 Ceteroqui
1054 1869 1194 1952 primum
1209 1865 1480 1952 praefatiunculae

323 1970 522 2035 enuntiatum
552 1969 696 2037 dilucide
724 1969 867 2038 ostendit
894 1972 980 2038 unde
1009 1971 1096 2036 illius
1119 1970 1211 2053 origo
1233 1969 1416 2055 repetenda
1436 1971 1479 2036 sit.

322 2071 483 2138 Nimirum
504 2070 689 2137 revocanda
711 2077 761 2140 est
782 2073 825 2139 ad
849 2092 904 2139 ece
927 2073 982 2156 qui
1000 2073 1097 2156 primi
1112 2071 1296 2138 Aristotelis
1311 2091 1417 2156 opera
1430 2086 1480 2154 per

323 2179 446 2241 certum
469 2171 631 2256 quendam
654 2171 802 2240 ordinem
824 2175 1064 2242 distribuerunt.
1100 2171 1243 2252 Quorum
1258 2173 1403 2256 vestigia
1417 2193 1480 2239 euru

323 2278 357 2341 in
385 2276 459 2341 aliis
484 2273 673 2359 philosophi
694 2275 869 2360 stagiritae
899 2277 991 2343 libris
1021 2273 1267 2359 deprehendere
1289 2275 1400 2358 possis
1422 2281 1480 2339 tum

324 2379 357 2442 in
376 2367 673 2461 ‘Meteorologicia’
708 2377 920 2446 Luculentam
943 2375 1120 2445 admodum
1143 2377 1303 2460 sagaciter
1326 2377 1480 2444 indicarit
1545 2399 1546 2412 .

323 2500 426 2566 nuper
453 2477 576 2564 Berger
603 2471 740 2547 ‘Gescb
770 2481 829 2548 der
858 2481 945 2546 wiss.
969 2477 1070 2545 llrdk.
1094 2477 1153 2544 der
1175 2470 1239 2545 Gr?
1274 2477 1373 2545 vol.I
1398 2499 1431 2564 p.
1446 2481 1479 2541 54

323 2585 420 2648 noct
436 2582 718 2664 interpolationem
735 2583 869 2650 alterius
884 2582 960 2648 libri
976 2581 1018 2648 de
1032 2581 1185 2647 meteoris
1203 2581 1237 2659 (l.
1248 2581 1280 2646 II
1296 2585 1322 2663 1,
1338 2585 1380 2646 14
1393 2584 1478 2665 sqq).

324 2681 463 2751 Omnino
475 2675 761 2767 ‘Meteorolegica'
780 2685 865 2751 male
881 2703 916 2750 se
932 2683 1054 2749 habent
1067 2683 1229 2766 longeque
1247 2682 1363 2750 abesse
1373 2684 1478 2750 viden·
1546 2711 1547 2716 ¹

323 2793 375 2851 tur
396 2806 417 2851 a
438 2785 575 2869 pristina
596 2785 790 2852 sinceritate.
828 2785 876 2853 Ol.
900 2783 1008 2852 Zeller
1029 2785 1050 2850 l.
1067 2785 1088 2850 l.
1111 2803 1143 2868 p.
1161 2784 1201 2849 87
1224 2790 1290 2850 not.
1307 2787 1326 2847 2
1343 2791 1376 2852 et
1392 2785 1477 2852 Suse-

323 2885 405 2952 mihl
427 2887 461 2952 in
480 2879 575 2952 ‘Mus
598 2877 710 2952 Rhen'
736 2887 800 2954 vol.
816 2887 876 2953 XL
892 2887 1000 2966 (1885)
1022 2907 1054 2971 p.
1071 2889 1134 2950 574
1156 2891 1221 2953 not
1239 2889 1268 2952 6.
1546 2965 1547 2976 .

409 2988 543 3054 Praeter
564 2987 708 3054 indolem
730 2997 839 3056 autem
860 2995 958 3073 atque
980 2995 1128 3054 naturam
1150 2986 1361 3073 praelationis
1384 2987 1478 3055 mexi-

268 3167 269 3170 ,
324 3111 396 3156 mae
425 3089 520 3157 nobis
550 3089 721 3156 offensioni
744 3098 818 3158 sunt
840 3111 925 3174 quae
947 3091 980 3156 in
1004 3109 1044 3157 ea
1065 3090 1107 3156 de
1130 3111 1210 3158 voce
1232 3092 1478 3174 meteorologiae

324 3196 536 3277 exponuntur.
583 3189 674 3269 Quae
702 3191 786 3259 adeo
816 3212 971 3276 perversa
998 3198 1072 3258 suut
1100 3191 1250 3276 adeoque
1279 3211 1352 3259 cum
1381 3211 1477 3258 rerum

323 3293 461 3359 veritate
490 3289 713 3359 conflictantur
741 3301 776 3359 ut
805 3295 847 3360 ab
870 3295 1045 3361 Aristotele
1072 3313 1112 3360 ea
1133 3295 1280 3378 profecta
1302 3313 1374 3361 esse
1399 3291 1478 3361 credi

324 3398 381 3460 vix
401 3395 514 3480 possit.
548 3393 633 3460 Nam
647 3395 857 3463 falsissimum
873 3395 1024 3480 estquod
1040 3395 1158 3462 dieitur
1173 3387 1475 3482 ‘Meteor‘ologieou'

324 3497 424 3562 libros
440 3497 473 3560 iu
490 3515 529 3562 ea
544 3497 680 3562 scientia
696 3497 892 3581 explicanda
906 3499 1029 3564 versari
1046 3517 1143 3581 quam
1159 3516 1298 3564 omnes
1321 3501 1478 3565 veteres

324 3597 591 3682 μετεωρολογίαν
613 3600 841 3684 nuncuparint‚
865 3599 1018 3683 quoniam
1040 3605 1168 3666 veteres
1191 3605 1315 3665 tantum
1336 3601 1430 3667 abest
1450 3607 1479 3663 ut

324 3705 490 3766 meteoron
505 3719 587 3767 voce
602 3719 666 3766 una
681 3700 833 3766 sublimia
848 3699 1057 3784 designarint,
1073 3701 1120 3766 uti
1135 3699 1214 3767 lacit
1227 3701 1428 3784 Aristoteles,
1449 3705 1478 3765 ut

324 3819 397 3866 eam
412 3807 467 3866 aut
482 3799 635 3868 derebus
650 3803 841 3869 sublimibus
857 3803 1108 3885 caelistibusque
1123 3803 1273 3869 universe
1288 3809 1345 3868 aut
1360 3801 1402 3869 de
1413 3817 1477 3868 cae·

324 3901 460 3969 lestibus
475 3900 553 3970 solis
568 3906 803 3988 usurpaverint.
810 3905 833 3984 ¹)
861 3905 931 3971 dixi
948 3911 1115 3970 meteoron
1129 3919 1255 3970 vocem:
1280 3905 1403 3990 quippe
1420 3914 1477 3969 rne-

413 4042 438 4102 l)
457 4036 526 4091 Utor
542 4036 587 4091 hic
605 4042 723 4106 uterque
740 4038 768 4091 in
785 4037 962 4107 sequentibus
981 4037 1102 4092 Senecae
1118 4035 1240 4091 terminis
1259 4053 1285 4106 q.
1297 4054 1323 4092 u.
1340 4035 1474 4092 tecbuicis.

325 4120 366 4175 Gi.
382 4113 456 4176 ‘Nat
468 4114 595 4190 .Quaest.'
612 4122 630 4176 l.
649 4121 750 4179 lI.1.1
770 4137 866 4192 prcxx.
