3270 4968
321 362 362 422 20
746 353 927 424 Engclbertns
945 354 1052 425 Drcrup

323 535 488 616 vertimus,
511 533 555 600 ad
577 531 744 598 historiam
766 534 888 594 tantum
905 527 1052 595 codicum
1067 527 1229 612 pertinere
1243 532 1360 611 potest,
1382 547 1477 612 prae·

320 637 430 704 sertim
454 655 527 702 cum
549 632 653 700 codex
675 631 908 698 Ambrosianus
930 632 959 692 E
980 629 1150 696 artissimis
1173 630 1311 697 vIncuIis
1339 650 1411 696 cnm
1436 651 1477 699 eo

320 739 508 806 coniunctus
530 737 580 803 sit.
624 737 731 818 Atque
762 731 823 799 hac
852 731 893 798 de
923 752 1021 798 cansa
1049 732 1179 798 uberius
1208 732 1250 798 de
1278 733 1319 798 iis
1347 752 1477 818 quoqne

319 840 482 925 agendum
499 844 557 921 est,
581 838 646 920 qni,
670 845 704 902 nt
719 834 864 903 codicem
879 831 1087 899 electionum
1104 839 1324 918 corruptarum
1340 837 1476 904 maculis

318 942 505 1025 liberarent,
528 959 660 1023 operam
684 938 850 1006 dederunt.

407 1040 564 1120 Quattuor
592 1047 701 1108 autem
731 1045 927 1106 correctores
955 1035 1079 1104 codicIs
1108 1037 1255 1105 Vaticani
1285 1041 1477 1109 secernendi

319 1149 402 1226 eunt,
432 1163 565 1226 quorum
587 1149 651 1209 tres
674 1148 777 1209 totum
806 1138 952 1208 codicem
974 1143 1238 1207 retractaverunt.
1277 1143 1327 1208 Ex
1357 1144 1476 1227 quibus

318 1246 424 1330 primo
447 1247 519 1312 Ioco
541 1243 755 1311 nominandus
778 1251 842 1310 est:

405 1352 565 1414 corrector
594 1346 715 1430 primus
738 1347 783 1423 (1)
806 1347 827 1411 i.
851 1365 879 1412 e.
903 1343 1024 1411 codicis
1053 1345 1213 1427 librarios,
1245 1345 1301 1428 qni
1331 1353 1364 1411 et
1391 1347 1478 1413 inter

317 1448 524 1517 scribendum
547 1454 675 1532 etpost
697 1468 777 1533 opus
800 1448 980 1514 confectum
1003 1446 1104 1512 verba
1118 1447 1221 1529 ipsius
1236 1467 1344 1514 errore
1358 1447 1476 1532 depra-

317 1556 396 1618 vata
418 1547 612 1634 emendavit,
637 1551 727 1617 cuius
751 1550 902 1632 exempla
923 1549 1077 1615 nonnulla
1099 1549 1242 1632 profero:

403 1652 436 1718 II
457 1655 508 1718 24.
534 1656 683 1716 σεαυτῶν
706 1652 755 1714 Δα
778 1673 837 1736 pr„
868 1649 995 1716 ἑαυτῶν
1024 1671 1104 1718 corr.
1132 1656 1159 1716 1.
1205 1655 1256 1718 26.
1287 1649 1477 1734 ἐπιθυμεῖς

316 1757 350 1822 Δ
369 1773 429 1838 pr,
454 1750 631 1836 ἐπιθυμῇς
654 1773 734 1820 corr.
761 1757 788 1818 1.
834 1757 884 1818 54.
909 1750 1023 1834 δορὰς
1043 1757 1075 1817 Δ
1094 1773 1154 1838 pn,
1186 1753 1316 1838 δωρεὰς
1339 1775 1419 1823 corr.
1445 1761 1476 1823 1.

317 1858 369 1920 54.
393 1851 603 1937 ἀγοράζουσι
626 1858 658 1918 Δ
677 1875 736 1938 pr„
760 1851 950 1937 ἀχιοράζετε
974 1875 1054 1922 corr.
1080 1860 1107 1920 1.

405 1956 450 2021 IV
473 1959 523 2021 76.
546 1953 701 2038 τυγχάνει
724 1956 773 2019 Ac
794 1977 854 2040 pr„
877 1953 1033 2038 τυγχάνοι
1056 1977 1136 2024 corr.
1162 1962 1190 2024 1.

404 2057 481 2124 VIII
504 2060 555 2123 22.
591 2056 809 2134 δυνασταίαις
842 2062 875 2124 Δ
899 2080 958 2145 pr„
993 2058 1208 2137 δυναστείαις
1237 2081 1316 2132 corr.
1349 2070 1376 2129 1.
1423 2071 1478 2131 51.

316 2156 570 2244 ὃλειγαρχικοὺς
593 2164 625 2224 A
644 2180 703 2244 ρι’,
727 2157 959 2242 ὀλιγαρχικοὺς
983 2181 1062 2228 corr.
1089 2168 1116 2230 l.
1162 2167 1212 2229 71.
1236 2161 1423 2246 ἐπιθυμεῖν
1446 2173 1482 2232 Δ

317 2282 380 2346 pr„
400 2259 581 2344 ἐπιθυμιῶν
594 2282 674 2328 corr.
690 2267 717 2328 1.
752 2266 803 2330 81.
822 2261 1021 2346 γνώσεσθαι
1033 2267 1065 2328 Δ
1077 2285 1135 2349 pn,
1157 2263 1335 2349 γνώσεσθε
1352 2288 1432 2335 corr.
1448 2273 1479 2336 1.

404 2361 496 2429 Haec
518 2369 625 2430 autem
647 2366 748 2433 verba
770 2367 890 2433 omissa
912 2367 1018 2449 prima
1039 2387 1136 2432 mann
1159 2369 1309 2452 suppleta
1330 2377 1420 2436 sunt:

402 2463 508 2529 1126.
532 2465 588 2530 καί
618 2471 738 2544 κακίας
768 2488 830 2535 om.
853 2472 885 2532 A
911 2488 959 2552 pr.
984 2473 1037 2546 1Ξ
1052 2471 1151 2551 ΛΠ),
1181 2469 1213 2534 in
1243 2491 1306 2554 mg.
1336 2471 1412 2538 add.
1446 2477 1475 2540 1.

318 2567 376 2631 31.
394 2564 457 2650 σὴν
481 2563 677 2647 ἐπιμέλειαν
700 2591 762 2636 om.
785 2574 819 2635 A
838 2591 886 2654 pr.
910 2581 964 2648 (τε
982 2574 1010 2631 Γ
1029 2571 1099 2655 pr),
1124 2571 1157 2636 in
1178 2592 1241 2654 mg.
1264 2572 1339 2638 add.
1365 2579 1393 2640 1.

403 2668 481 2734 VIII
504 2671 554 2734 21.
579 2667 635 2734 καὶ
657 2677 840 2750 μιτοίκωνε
865 2672 921 2736 καὶ
945 2692 1006 2738 om.
1030 2677 1062 2738 A
1082 2692 1141 2755 pr„
1165 2693 1189 2739 s.
1213 2693 1244 2738 v.
1267 2673 1343 2740 add.
1370 2681 1396 2740 1.

405 2767 471 2834 Sed
494 2771 605 2838 varino
628 2793 756 2857 quoqne
786 2775 941 2841 lectiones
970 2795 990 2840 a
1018 2776 1150 2842 librario
1180 2777 1212 2840 in
1243 2777 1387 2860 margine
1421 2781 1476 2846 vel

316 2889 415 2954 supra
436 2889 564 2938 versum
586 2874 718 2942 additae
741 2883 823 2958 sont,
848 2896 928 2959 quas
950 2895 992 2942 cx
1008 2884 1099 2942 oratt.
1117 2877 1159 2961 II,
1182 2877 1227 2942 IV
1251 2881 1355 2962 51t99,
1386 2881 1475 2965 VIII,

316 2971 398 3038 XIII
421 2992 532 3040 omnes
555 2977 727 3061 exscripsi:

403 3074 434 3139 II
457 3077 508 3140 29.
528 3079 660 3160 χαίρειν
687 3083 718 3142 Γ
736 3099 784 3164 pr.
816 3080 865 3144 Δα
888 3100 951 3162 pr.:
993 3079 1158 3146 διατελεῖν
1193 3086 1224 3144 Γ
1249 3083 1310 3149 1111.
1340 3104 1410 3151 uno.
1442 3087 1477 3152 in

316 3195 380 3258 mg.
402 3175 478 3242 add.
501 3197 549 3260 pr.
578 3179 629 3242 Aa
651 3181 685 3248 in
706 3203 768 3266 mg.
795 3187 822 3248 1.

402 3277 448 3344 IV
479 3280 530 3345 84.
572 3279 739 3366 ἐποίησαν
774 3288 805 3347 Γ
834 3305 881 3368 pr.
912 3288 945 3348 A
974 3305 1021 3368 pr.
1052 3286 1102 3348 Ac
1128 3306 1192 3369 pr.:
1232 3285 1410 3350 κατέλιπον
1448 3293 1481 3352 Γ

314 3380 349 3446 in
386 3401 450 3465 mg.
496 3401 577 3449 corr.
612 3389 648 3467 4,
679 3388 711 3449 Δ
749 3387 783 3452 in
815 3408 879 3471 mg.
916 3391 950 3469 1,
985 3388 1034 3451 Δα
1073 3389 1107 3452 in
1141 3408 1205 3472 mg.
1240 3391 1255 3450 1
1295 3395 1350 3464 (=
1379 3392 1473 3468 ΘΛ).

315 3485 367 3547 97.
397 3479 593 3567 end-iecor
628 3485 659 3554 (λ
689 3490 783 3566 eras.)
812 3494 843 3552 Γ
866 3510 914 3572 pr.
949 3489 997 3552 Δα
1020 3510 1067 3573 pr.
1103 3487 1321 3572 (ἐμελέτησαν
1344 3494 1376 3555 Δ
1395 3495 1474 3575 pr.):

313 3578 505 3668 ἐτόλμησαν
521 3591 552 3650 Γ
571 3588 604 3654 in
627 3609 691 3672 mg.
707 3594 738 3674 4,
760 3593 793 3653 Δ
805 3591 838 3655 in
854 3611 918 3674 mg.
937 3596 964 3673 1,
979 3592 1030 3654 Δα
1041 3591 1074 3656 in
1089 3611 1153 3675 mg.
1168 3596 1182 3656 1
1198 3593 1251 3671 (--
1266 3593 1474 3672 &Adia-Aa).

401 3685 479 3751 VIII
504 3691 574 3755 137.
599 3683 801 3775 ὀκνήσουσιν
824 3695 856 3754 Γ
873 3712 921 3776 pr.
951 3693 1000 3756 Aa
1021 3712 1085 3775 pn:
1108 3716 1158 3775 χρ.
1176 3686 1424 3778 ὁμονοήσουσιν
1448 3700 1480 3760 Γ

314 3787 347 3852 in
369 3807 434 3870 mg.
458 3793 487 3874 4,
518 3791 567 3854 Δα
590 3793 623 3856 in
645 3813 710 3877 mg.
736 3799 750 3858 1
778 3798 833 3872 (=
851 3794 982 3872 ΘαΛα).

400 3889 481 3955 XIII
507 3894 555 3957 16.
585 3890 635 3970 εἰς
658 3899 757 3960 τοῦτο
780 3899 811 3958 Γ
836 3915 884 3978 pr.
914 3900 946 3959 A
972 3916 1035 3978 pn:
1066 3893 1213 3960 ἐνταῦθα
1247 3901 1277 3960 Γ
1306 3898 1366 3964 1111.
1401 3918 1474 3968 unc.

314 3991 348 4056 in
377 4009 442 4075 mg.
475 3992 551 4060 add.
581 4016 629 4079 pr.
662 4001 693 4060 A
718 3999 751 4064 in
781 4017 845 4080 mg.
877 4001 891 4060 1
923 4000 978 4074 (=
1006 3999 1136 4077 ΘΛΠ).
1181 4000 1232 4063 21.
1261 3996 1475 4085 ὄικαιοούνιμ

314 4097 346 4156 Γ
364 4113 412 4178 ρτ.
443 4098 475 4158 A
494 4115 558 4178 ραι
583 4088 601 4179 ἦ
626 4101 657 4159 Γ
675 4117 700 4163 s.
723 4119 754 4165 v.
777 4098 852 4164 add.
877 4103 906 4182 4,
937 4102 969 4162 Δ
989 4119 1068 4165 corr.
1094 4105 1109 4164 1
1136 4099 1186 4178 (tt.
