3318 4970
329 397 371 457 68
688 417 695 434 ⁰
755 394 897 464 Augustus
913 393 1067 450 Junemann

329 576 404 654 post
431 570 503 653 ipsa
524 569 612 635 bella
634 568 756 636 Dacica
776 587 880 635 novae
904 569 1101 652 provinciae,
1131 585 1229 650 quam
1251 566 1483 650 acquisiverat,

330 672 506 740 Traianum
534 669 699 755 praesidio
721 669 860 737 dedisse.
905 667 1111 748 Quinetiam
1134 669 1163 736 si
1185 669 1272 752 logio
1295 668 1388 734 brevi
1411 675 1485 752 post

330 773 419 839 bella
445 773 568 840 Dacica
597 773 742 840 confecta
772 773 885 839 cestris
915 772 1135 856 Apulensibus
1164 771 1319 855 imposita
1353 776 1419 852 est,
1454 776 1489 837 ut

332 875 533 958 provinciam
560 880 629 941 tuto
657 879 844 958 occuparet,
875 879 961 940 certe
990 892 1063 940 eam
1091 873 1156 940 illis
1185 871 1280 938 bellis
1304 869 1489 939 interfuisse

332 975 538 1059 intellegitur.
582 976 667 1042 Nam
696 996 768 1042 cum
796 976 973 1042 Traianum
1005 976 1095 1041 nulla
1123 974 1190 1041 alia
1218 969 1318 1040 'causa
1346 993 1487 1040 commo·

332 1077 483 1144 tumnisi
506 1084 602 1144 ntea
629 1076 781 1160 firmaret,
811 1095 895 1159 quae
923 1076 1032 1159 priore
1060 1076 1146 1142 bello
1175 1075 1360 1160 subegerat,
1390 1075 1490 1142 Dacis

332 1179 448 1245 iterum
477 1179 598 1245 bellum
628 1180 774 1246 intulisse
803 1184 927 1244 constet
940 1181 971 1262 ¹),
1002 1176 1215 1244 dubitandum
1236 1197 1300 1243 non
1323 1184 1382 1260 est,
1412 1178 1492 1260 quin

332 1298 392 1346 cae
421 1279 583 1363 legiones,
617 1299 697 1363 quas
727 1281 886 1347 Traianus
919 1279 962 1346 ad
995 1280 1117 1346 bollum
1147 1285 1259 1345 contra
1288 1279 1489 1346 Decebalum

331 1380 508 1465 gerendum
530 1382 736 1449 ePaunonia
759 1388 791 1448 et
806 1380 980 1448 Germania
1002 1382 1118 1466 coegit,
1143 1387 1277 1448 cunctae
1298 1387 1375 1447 aute
1397 1381 1488 1464 prius

332 1483 453 1549 bellum
490 1483 647 1551 Dacicum
683 1484 726 1549 ad
765 1483 950 1550 inferiorem
988 1483 1172 1549 Danuvium
1208 1489 1377 1566 promotae
1415 1483 1489 1550 sint.

332 1583 485 1668 Sequitur
507 1603 594 1668 ergo,
619 1591 654 1650 ut
676 1584 758 1651 haec
781 1604 909 1669 quoque
932 1585 1020 1668 legio
1043 1585 1150 1652 statim
1173 1585 1214 1650 ab
1230 1585 1325 1652 initio
1341 1584 1385 1651 ad
1404 1585 1492 1651 bella

333 1687 456 1752 Dacica
476 1707 498 1753 a
519 1687 660 1754 Traiano
684 1687 793 1753 excita
814 1687 895 1764 sitfl)

419 1785 510 1866 Quae
539 1807 611 1855 cum
638 1789 687 1855 ita
714 1790 789 1871 sint,
817 1789 979 1872 legionem
1009 1787 1493 1855 exeunteanu0100.oastris

333 1889 648 1974 Mogontiaconsibus
675 1892 798 1959 relictis
826 1891 1042 1958 c'Germania
1071 1890 1237 1973 superiore
1266 1891 1300 1956 in
1322 1889 1491 1972 Illyricum

334 1993 521 2059 translatam
555 2011 626 2059 esse
637 1994 660 2068 ³)
690 2013 749 2076 pro
780 2000 868 2060 certo
896 1992 1058 2059 affirmare
1088 1993 1179 2074 licet,
1214 1992 1301 2058 unde
1334 2010 1413 2057 vere
1446 1992 1493 2056 in-

335 2095 499 2178 sequentis
522 2094 599 2159 anni
617 2093 767 2161 Danuvio
789 2093 921 2161 flumine
943 2093 1130 2161 transmisso
1152 2092 1233 2160 fines
1256 2092 1397 2160 hostium
1412 2094 1489 2159 Tra·

335 2197 411 2262 iano
433 2197 505 2279 ipso
528 2195 611 2261 duce
632 2195 762 2262 invasit.
785 2229 828 2241 -
849 2196 957 2280 Atque
980 2215 1019 2262 eo
1041 2197 1107 2261 iam
1129 2195 1285 2280 temporis
1306 2196 1493 2270 intervallo,

335 2299 423 2381 quod
445 2295 669 2364 intercedebat
690 2299 773 2364 inter
795 2298 885 2382 prius
901 2305 933 2363 et
947 2299 1109 2380 posterius
1124 2299 1256 2380 bellum,
1279 2316 1352 2364 eam
1367 2297 1494 2364 Daciae

250 2453 252 2458 .
333 2398 498 2484 praesidio
528 2399 713 2484 impositam
742 2399 842 2466 luisse
871 2398 1103 2478 crediderim.⁴)
1147 2398 1242 2478 Quod
1276 2401 1346 2466 sive
1379 2419 1492 2465 verum

336 2507 394 2586 est,
417 2502 488 2568 sive
503 2501 633 2588 falsum,
649 2501 821 2586 legionem,
837 2507 1009 2586 postquam
1024 2501 1181 2569 Decebali
1196 2521 1329 2586 regnum
1345 2501 1493 2568 barbaris

334 2601 378 2670 ad
400 2603 654 2671 internecionem
676 2604 744 2670 fere
768 2602 885 2671 deletis
908 2605 941 2669 in
962 2604 1151 2688 provinciae
1172 2604 1309 2670 formam
1324 2601 1493 2669 redactum

336 2709 395 2788 est,
425 2706 525 2787 Apuli
555 2707 654 2774 luisse
677 2707 889 2792 collocatam,
909 2711 944 2772 ut
972 2723 1090 2771 novam
1118 2705 1318 2788 provinciam
1341 2701 1494 2787 firmaret,

338 2805 417 2872 satis
439 2805 590 2874 docuisse
612 2807 736 2874 videor.
759 2841 800 2853 -

420 2906 493 2974 Huc
507 2909 618 2992 tegula
639 2929 670 2974 n.
686 2912 738 2974 49.
754 2908 925 2975 referenda
947 2915 1011 2976 est:
1034 2907 1132 2974 Lus
1154 2907 1236 2974 Xlll
1258 2907 1323 2974 (ill
1345 2909 1362 2974 l
1383 2907 1491 2990 ADI,

336 3025 420 3092 quae
443 3010 477 3075 in
492 3029 605 3078 museo
622 3011 789 3078 Bucarerti
804 3016 920 3078 exstat.
954 3010 1026 3076 Hoc
1040 3015 1254 3091 monumento,
1278 3011 1310 3074 in
1326 3027 1390 3095 quo
1405 3011 1494 3096 legio

428 3214 452 3275 1)
468 3211 501 3266 Id
519 3210 662 3266 (lictorius
679 3212 719 3267 nir
737 3212 912 3267 desumimus
929 3209 1079 3267 certissime
1098 3209 1283 3279 comprobarit
1301 3210 1349 3276 eis,
1371 3211 1495 3279 quaeda

336 3295 402 3350 belli
418 3295 493 3355 illius
510 3297 626 3352 historia
642 3297 673 3352 in
689 3297 832 3353 columnae
851 3296 986 3352 Traianae
1008 3295 1190 3350 monumentis
1207 3310 1341 3364 expressa
1356 3297 1493 3364 exposuit.

422 3385 447 3446 2)
470 3381 544 3438 idem
571 3383 694 3436 sentiunt
709 3381 796 3449 lang,
817 3374 882 3436 ‘Die
904 3382 1094 3437 romanischen
1118 3380 1322 3436 Laudschalten
1348 3381 1396 3436 des
1423 3387 1493 3440 rom.

336 3458 472 3519 Reicies?
495 3481 523 3536 p.
542 3470 603 3522 327.
626 3465 690 3520 adn.
710 3471 734 3531 l,
756 3469 785 3520 et
802 3467 889 3534 (loos,
908 3459 1023 3520 ‘Archiv
1045 3465 1064 3519 f.
1088 3463 1257 3533 siebenbttrg.
1282 3459 1495 3522 Laudeskuude‘

335 3548 415 3604 Nora
437 3548 494 3603 Ser.
512 3549 576 3604 XII.
598 3555 654 3604 161.
690 3549 820 3606 Eiusdem
847 3550 897 3605 riri
924 3551 996 3605 docti
1018 3551 1130 3604 librum:
1153 3541 1218 3602 ‘Die
1240 3553 1308 3604 rom.
1331 3549 1495 3619 Lagerstault

336 3625 465 3702 Apulum’
482 3633 616 3704 inspicere
633 3649 689 3689 non
706 3635 792 3703 potui.

422 3722 447 3784 3)
469 3718 537 3773 ltem
559 3733 574 3772 a
599 3719 746 3774 Germanic
767 3719 898 3775 inferiore
919 3719 1052 3786 legionem
1074 3718 1096 3775 Ι.
1115 3718 1274 3774 Qunam
1297 3719 1433 3776 Traianus
1457 3721 1495 3776 ad

335 3802 436 3860 bellum
454 3802 577 3862 adduxit.
613 3803 655 3858 Gi.
668 3804 799 3876 Schilling
816 3804 834 3858 l.
847 3804 864 3858 1.
877 3821 905 3874 p.
918 3808 960 3860 tt.

422 3891 449 3952 4)
470 3887 579 3942 Partem
602 3888 743 3958 copiarum
766 3889 951 3946 Romanarum
974 3903 1024 3959 pcr
1045 3888 1074 3946 iu
1096 3889 1215 3960 spatium
1236 3890 1366 3959 temporis
1393 3897 1441 3944 aut
1465 3893 1495 3945 in

337 3977 412 4026 terra
434 3973 553 4028 hostium
574 3973 636 4042 ipsa
657 3980 705 4028 aut
722 3974 751 4027 in
768 3971 868 4028 finibus
886 3973 1049 4029 remansisse
1069 3989 1101 4028 ex
1120 3974 1159 4028 eis
1178 3973 1273 4040 elucet,
1292 3990 1362 4044 quae
1380 3975 1493 4031 Cassius

337 4055 649 4128 optassetque
671 4059 750 4113 bellis
774 4075 835 4113 oum
854 4059 993 4114 Decebalo
1016 4059 1100 4127 gestis
1122 4062 1227 4114 narrat.
1262 4060 1306 4113 Ad
1331 4059 1360 4116 id
1385 4065 1494 4130 tempus

337 4141 455 4197 fortasse
471 4141 563 4210 tegula
579 4142 627 4196 illa
644 4143 778 4212 legionum
796 4143 873 4199 ΧΙΙΙ.
885 4145 1015 4200 Geminae
1033 4152 1061 4199 ct
1077 4145 1100 4202 1.
1112 4144 1263 4200 Adiutricis
1281 4143 1425 4200 referenda
1440 4151 1495 4201 cst.
