3170 4984
209 435 220 445 „
241 371 285 429 De
302 370 426 428 fontibus
443 369 569 441 Dionysii
586 367 842 424 Halicarnassensis
860 367 1033 438 quaestiones
1050 367 1152 423 vadas.
1219 367 1280 426 265

120 546 224 630 datur,
247 565 289 612 ex
305 565 369 629 qno
392 543 510 610 multos
533 549 681 610 auctores
703 541 796 606 illum
818 540 1001 624 inspexisse
1025 540 1281 608 concludendum

120 654 177 716 est.
222 648 371 730 Denique
401 645 464 712 hoo
491 663 552 728 pro
579 649 667 710 eerto
694 643 804 711 dieere
826 661 998 728 possumus
1019 642 1181 710 Liuinium
1203 643 1282 709 Dio·

118 750 214 834 nysio
228 769 292 815 non
310 747 537 832 suppeditasse
560 744 620 812 hos
642 746 742 829 loeos,
764 751 877 828 utpote
900 745 956 828 qui
978 764 1000 809 a
1020 746 1171 829 populari
1194 745 1282 812 illius

120 852 252 936 ingenio
281 871 320 916 ao
348 848 543 914 tribunioiae
570 848 747 931 praeeipne
775 847 946 930 potestatis
973 866 1084 914 amore
1105 845 1205 914 ualde
1226 846 1282 912 ab·

122 952 291 1018 horreant:
315 951 361 1016 VI
383 952 435 1033 46,
460 953 497 1034 3;
520 952 572 1032 47,
596 951 633 1031 23
661 951 728 1030 (49,
751 951 801 1032 2);
825 952 876 1033 70,
901 952 936 1032 ¹3
967 951 1018 1030 70,
1041 950 1077 1030 23
1106 951 1158 1030 81,
1183 951 1283 1032 3sq·;

119 1057 170 1136 82,
197 1058 224 1120 1.
270 1053 385 1118 'Palem
412 1051 560 1135 profecto
590 1071 663 1117 oum
693 1051 850 1135 pristinae
877 1049 985 1134 plebis
1012 1055 1081 1116 turn
1106 1051 1283 1135 primorum

118 1157 318 1228 tribunorum
350 1153 527 1238 imaginem
558 1151 719 1222 Licinium
751 1151 944 1240 aequalibus
980 1172 1045 1224 uon
1073 1154 1283 1242 proposuisse

118 1257 333 1325 eertissimum
354 1254 474 1322 indiae.
1166 1248 1168 1252 ’

205 1560 273 1630 Sed
301 1561 367 1629 iam
393 1557 489 1626 finem
512 1560 676 1644 impunem
700 1557 920 1630 dissertationi
942 1576 1035 1632 meae
1058 1559 1186 1630 ιιιωιιιιι
1208 1578 1282 1627 eon·

117 1663 223 1735 lessus
238 1683 307 1730 rem
317 1661 461 1730 nondum
472 1662 656 1736 absolutam
671 1679 753 1728 esse.
784 1658 909 1738 Quodsi
923 1659 984 1732 tibi
1001 1679 1066 1732 non
1082 1661 1282 1744 satisfecero,

119 1767 241 1850 quippe
257 1765 313 1848 qui
328 1761 388 1836 has
402 1764 443 1830 de
458 1761 601 1834 fontibus
613 1763 765 1847 Dionysii
780 1762 987 1846 quaestiones
1003 1763 1037 1832 in
1047 1763 1129 1846 ipsis
1141 1763 1283 1832 fontibus

119 1865 329 1936 enucleandis
340 1865 568 1936 fructuosiores
581 1864 834 1947 exspectaveris,
845 1864 1002 1947 raptores
1017 1883 1083 1935 nou
1092 1884 1167 1938 mea
1178 1865 1284 1936 solum

118 1968 216 2051 eulpa
244 1967 280 2032 id
309 1966 429 2036 fantum
459 1985 546 2049 esse,
575 1965 634 2033 sed
662 1985 727 2034 non
752 1966 859 2034 minus
880 1965 929 2034 rei
951 1963 1153 2034 diffleultate.
1197 1966 1284 2034 Illud

118 2077 227 2138 tamen
253 2069 397 2137 maxime
426 2088 523 2152 spero
544 2073 577 2137 te
599 2086 825 2136 eouoessurum
848 2085 920 2134 esse
943 2065 1162 2140 Romanorum
1183 2089 1283 2140 auna-

117 2171 197 2240 liurn
213 2171 406 2253 scriptorum
422 2177 525 2241 ortem
535 2170 639 2250 'variis
655 2169 815 2252 exemplis
831 2169 910 2238 satis
926 2173 1014 2238 reete
1029 2188 1081 2237 me
1104 2170 1284 2242 illustrasse

116 2291 177 2338 neo
193 2273 264 2338 sine
278 2272 384 2336 fruotu
402 2269 604 2338 diversarum
627 2271 669 2338 de
686 2271 809 2338 eisdem
825 2271 922 2336 rebus
938 2271 1167 2346 memoriarum
1183 2273 1284 2342 series

117 2389 169 2441 me
184 2378 391 2457 personatum
408 2391 489 2446 suae.
520 2373 627 2448 uttam
643 2372 687 2441 ad
701 2371 805 2454 ipsius
817 2371 969 2454 Dionysii
984 2372 1153 2454 rationem,
1169 2390 1235 2455 qna
1249 2373 1284 2437 in

117 2475 260 2548 fontibus
275 2473 472 2546 adhibendis
487 2493 565 2544 usus
578 2476 631 2556 sit,
654 2473 916 2556 ooanmoendam-
937 2473 1094 2542 nonnulla
1109 2474 1284 2544 eontulisse

117 2576 197 2646 mihi
220 2576 345 2644 videor.
390 2576 441 2642 Ex
462 2577 600 2659 siugulis
622 2583 679 2648 ant
680 2595 749 2658 em,
777 2593 861 2658 quae
885 2575 997 2657 dooui,
1021 2572 1135 2642 haee
1125 2576 1284 2658 rmprimis
1386 2587 1389 2594 '

118 2677 331 2762 eomprobata
367 2679 457 2746 volo.
491 2678 614 2748 Valerii
645 2677 786 2754 Antiatis
818 2677 953 2748 annales
990 2696 1012 2742 a
1043 2675 1260 2745 Plutaroho
1251 2698 1284 2742 rn

114 2770 311 2850 ‘Coriolano’
337 2779 562 2863 componendo
584 2780 766 2862 exscriptos
788 2797 876 2860 esse;
899 2797 942 2846 ex
964 2777 1120 2848 eisdem
1111 2797 1177 2850 ram
1198 2779 1283 2847 Liui-

118 2883 209 2950 nium
224 2881 370 2949 Maurum
385 2879 575 2964 hausiss03
566 2901 599 2949 m
614 2879 766 2963 Dionysii
781 2879 967 2950 narratione
977 2886 1108 2964 praeter
1118 2881 1284 2950 Antiatem

119 2989 151 3050 et
165 2984 311 3056 Maurum
327 2981 417 3051 haud
431 3001 504 3050 raro
519 2982 649 3052 tertium
672 2981 834 3065 quendam
855 2987 1020 3051 auetorem
1042 2983 1204 3065 cognosti,
1228 2985 1285 3065 qui

119 3086 283 3157 interdum
297 3085 415 3154 saltem
437 3085 507 3168 ipse
530 3103 662 3169 quoque
675 3084 799 3155 Valerii
814 3082 956 3154 Antiatis
977 3084 1113 3153 annales
1134 3084 1168 3154 in
1190 3103 1284 3152 usum

119 3207 215 3259 suum
238 3185 442 3268 eonverterit
