3270 4968
448 369 492 426 De
509 370 633 427 oudinum
648 371 850 428 Isocrateorum
866 371 1038 428 auctoritate.
1281 379 1324 438 ,67

166 535 346 628 ἀκήσαμεν
361 548 410 608 A.
439 547 467 610 7.
483 539 546 627 γὰρ
559 543 640 623 περὶ
655 540 801 608 ΓαΘαΓε
825 541 888 626 γὰρ
905 540 1059 630 καὶπερὶ
1076 551 1123 612 A.
1159 550 1187 614 8.
1206 541 1329 629 αὐταῖς·

164 642 303 720 ταύταις
331 641 574 727 βουλευόμενοι
607 644 701 728 ΘαΓ;
732 641 871 721 ταύταις
900 666 962 713 om.
994 650 1043 712 Γα
1071 669 1130 734 pr.‚
1146 643 1277 730 ,αύταὶς
1306 679 1325 718 τ

164 753 240 814 unte
267 743 388 822 αὐταῖς
415 745 491 814 add.
520 749 557 812 22
590 742 709 822 αὐταῖς
741 743 879 824 ταύταις
912 747 969 812 καὶ
1003 748 1083 830 περὶ
1114 755 1181 816 τῶν
1214 746 1327 820 ἀλλων

163 845 405 932 βουλευόμενοι
426 853 476 912 A.

250 951 288 1016 In
311 950 427 1018 eadem
448 949 654 1035 paragrapho
682 950 841 1018 antidosis
870 951 1059 1018 memoriam
1089 973 1161 1020 oum
1191 958 1327 1042 vulgate

166 1053 418 1120 consentientem
442 1051 728 1136 deprehendimus:
753 1055 782 1118 8.
807 1051 1011 1134 δυναμένους
1026 1049 1134 1136 λέγειν
1150 1060 1192 1122 F:
1214 1056 1323 1139 λέγειν

166 1153 371 1236 δυναμένους
393 1153 542 1231 Asida,
565 1155 652 1238 quod
674 1175 746 1220 oum
768 1155 943 1222 Benselero
966 1161 998 1222 et
1019 1155 1146 1225 Blassio
1169 1158 1323 1243 reeipien-

164 1256 240 1322 dum
264 1275 336 1323 esse
358 1275 485 1323 oeusoo.
974 1324 977 1332 ,

250 1358 430 1424 Varietates
453 1363 561 1424 eutem
584 1357 731 1425 oodienm
754 1360 801 1422 Π
823 1363 855 1424 et
880 1359 930 1422 Θα
953 1360 987 1426 in
1009 1379 1140 1427 sensum
1155 1381 1219 1428 uon
1235 1365 1324 1430 veni·

164 1467 230 1541 unt,
254 1480 327 1526 eum
351 1459 497 1526 oodieem
515 1459 565 1525 Θα
580 1461 710 1544 saepius
726 1461 791 1526 iam
807 1463 1059 1544 corruptelarum
1075 1464 1323 1534 eonvioerimus:

248 1563 349 1628 1115.
374 1555 392 1624 ὃ
415 1562 463 1624 W
486 1561 596 1629 oodd.:
620 1557 642 1624 ἀ
668 1563 727 1626 Θα.
773 1565 802 1628 5.
825 1560 962 1626 πάντων
985 1569 1049 1628 τῶν
1072 1563 1216 1629 ἐνόντων
1239 1568 1322 1636 FT,

163 1661 300 1727 πάντων
322 1667 389 1726 τῶν
413 1659 518 1726 όντων
534 1670 591 1730 A:
612 1659 749 1726 πόντων
770 1660 875 1726 ὄντων
895 1665 954 1729 (da.
991 1669 1021 1730 5.
1038 1661 1136 1730 οὐδὲν
1151 1669 1198 1730 1'2
1212 1668 1322 1736 oodd.:

163 1761 277 1830 ούδενὶ
304 1765 362 1830 Oa.
407 1768 437 1830 6.
460 1770 501 1850 τῇ
525 1763 619 1851 ῥώμῃ
636 1765 683 1830 sa
705 1765 817 1834 codd:
839 1777 915 1844 ταῖς
937 1764 1068 1852 ῥόμαις
1085 1769 1143 1834 (da.
1182 1773 1211 1834 6.
1229 1769 1322 1854 ἐγγε-

160 1872 304 1946 νομένου
334 1869 381 1930 W
409 1866 520 1934 codd:
549 1865 783 1950 ἐγγενομένοις
815 1869 873 1934 Θα.
918 1872 948 1934 6.
970 1865 1104 1932 ἅπαντα
1132 1871 1183 1934 1'0‘
1211 1872 1322 1938 codd:

166 1967 364 2034 πάνταΘα.
408 1973 438 2036 6.
461 1966 562 2053 λόγος
583 1970 630 2033 sa
657 1969 766 2038 codd:
797 1964 814 2031 ύ
843 1967 943 2051 λόγος
968 1970 1027 2034 Θα.
1072 1974 1101 2037 6.
1122 1965 1201 2056 ἡμῖν
1231 1971 1323 2039 ἐστὶν

162 2072 211 2135 so
233 2071 343 2139 codd:
373 2069 465 2137 ἐστὶν
494 2067 572 2157 ἡμῖν
598 2071 660 2136 Θα.
705 2077 734 2138 7.
759 2064 866 2147 οὕτως
894 2075 941 2134 Ie
961 2091 1023 2157 pr„
1054 2070 1160 2150 οὕτως
1189 2095 1270 2142 eoru.
1292 2080 1322 2160 3,

164 2163 263 2249 οὗτος
286 2193 366 2241 corr.
382 2178 418 2240 4:
442 2165 540 2250 οὗτος
559 2173 642 2239 ΘαΓ
639 2180 687 2240 A.
733 2178 762 2239 7.
785 2169 920 2257 ἀγαθῆς
936 2175 993 2238 καλ
1008 2179 1133 2260 πιστῆς
1148 2178 1196 2240 Γα
1210 2177 1321 2244 codd:

162 2272 297 2360 ἀγαθῆς
317 2276 381 2340 ’Θλ
426 2277 455 2340 8.
478 2275 558 2354 τούς
581 2271 701 2352 ἀλλους
723 2275 771 2339 Π
792 2275 902 2342 cudda
925 2275 1004 2352 τούς
1027 2273 1189 2361 ἀλλήλους
1213 2280 1273 2344 Θα.

248 2377 317 2468 Sed
344 2377 469 2444 duobus
497 2379 577 2444 loeis
599 2378 744 2444 Blessius
774 2377 896 2444 oodiois
924 2379 971 2441 F*
1003 2379 1103 2445 solius
1135 2383 1322 2448 memoriam

162 2481 327 2565 praetulit,
360 2481 429 2548 soil.
460 2479 524 2546 his:
560 2484 589 2550 5.
612 2485 679 2543 τῶν
709 2474 803 2563 ζῴων
825 2481 872 2543 1¹²
892 2480 963 2546 Bs.:
995 2485 1062 2542 τῶν
1091 2476 1199 2545 ἀλλων
1228 2481 1322 2567 ζῴων

165 2583 248 2646 dias
245 2587 293 2646 A.
339 2584 367 2646 7.
391 2580 448 2645 καὶ
475 2586 539 2644 τῶν
569 2581 678 2644 καλῶν
708 2580 766 2644 καὶ
793 2585 859 2644 τῶν
894 2579 1038 2664 αἰσχρῶν
1070 2583 1131 2647 sa:
1166 2585 1223 2648 καὶ
1254 2591 1321 2651 ταῖν

163 2681 312 2765 αἰσχρῶν
335 2681 481 2746 καὶτῶν
504 2682 612 2746 καλῶν
637 2682 764 2766 ΘαΓΛ,
794 2702 928 2766 quorum
956 2685 1097 2768 priorem
1119 2685 1250 2769 quidem
1280 2707 1323 2756 ex

162 2784 257 2853 oodd.
280 2785 402 2848 ΓΛΘΟι
423 2783 555 2852 restituo
578 2786 651 2853 ooll.
675 2806 720 2852 or.

248 2887 276 2952 V
301 2889 372 2952 116.
395 2883 455 2952 ἀντὶ
476 2888 540 2952 τῶν
560 2883 828 2970 ἀνθρώπωνκαὶ
850 2891 917 2951 ταῖν
932 2883 1040 2952 ἄλλων
1057 2885 1147 2972 ζῴων
1163 2883 1322 2956 ἀνιόντων
1432 2877 1435 2887 ¹

163 2984 422 3066 εὐδοκιμούσας,
445 2995 479 3056 et

247 3091 310 3156 XV
332 3087 449 3174 293.ἡ
480 3091 584 3176 φύσις
612 3087 632 3176 ἡ
664 3096 730 3154 τῶν
759 3086 956 3175 ἀνθρώπων
988 3096 1053 3156 τῶν
1086 3087 1194 3158 ἀλλων
1229 3091 1301 3178 ζῴον

57 3254 60 3260 .
163 3195 233 3262 soil.
258 3194 426 3276 διαφέρει.

248 3296 529 3363 Necessitudinem
559 3315 636 3362 vero
664 3293 812 3362 oodioum
835 3297 915 3361 Faet
939 3295 998 3379 Θα,
1035 3315 1132 3380 quam
1164 3297 1198 3361 in
1226 3298 1320 3363 orati·

165 3399 279 3466 onibus
302 3399 384 3464 XIII
407 3405 440 3464 et
460 3399 509 3464 III
538 3398 716 3481 statuimus,
746 3399 780 3462 in
807 3398 849 3463 iis
878 3417 1007 3482 quoque
1034 3399 1142 3466 verbis
1170 3401 1321 3484 persequi

164 3501 251 3584 lioet,
281 3519 367 3584 quae
389 3501 538 3584 quamvis
559 3519 664 3584 puueu
686 3499 792 3566 oodex
814 3501 861 3563 Π
883 3521 901 3567 e
924 3502 1039 3568 ueteris
1068 3501 1266 3569 oretIonibus
1288 3504 1321 3568 in

160 3603 301 3670 antidosi
328 3604 481 3670 servavit.
524 3603 608 3670 Nam
637 3623 710 3669 oum
733 3604 766 3667 in
794 3622 839 3668 or.
861 3603 894 3668 H
917 3604 957 3669 38
991 3603 1096 3670 eodex
1118 3603 1165 3666 Γαι
1192 3623 1321 3688 quoquo

162 3707 279 3772 verba:
305 3709 376 3787 χρυῑ
403 3716 476 3780 τοῖς
500 3703 690 3791 εἰρημένοις
712 3699 735 3786 ἢ
758 3703 851 3788 ζήτει
872 3704 995 3786 βελτίω
1016 3703 1144 3769 τούτων
1165 3711 1239 3789 post
1266 3707 1320 3768 λέ·

161 3829 284 3891 γοντας
315 3813 425 3892 pouet,
462 3806 607 3874 oodioem
640 3809 687 3870 Π
713 3827 786 3873 eum
819 3807 869 3870 (να
890 3807 923 3871 in
959 3808 1068 3874 verbis
1102 3827 1144 3875 ex
1177 3809 1321 3876 oratioue

162 3909 306 3978 seeundo
320 3911 430 3994 petitis
446 3910 673 3978 eontrahendis
688 3910 889 3976 consensisse
904 3911 1111 3979 manifestum
1122 3917 1181 3979 est
1214 3913 1320 3995 Atque

163 4018 292 4098 praeter
319 4013 485 4095 lectiones,
514 4013 630 4095 quibus
652 4011 752 4076 ΠΘα
774 4031 846 4078 oum
870 4016 901 4075 Γ
918 4021 1030 4082 eontra
1058 4015 1231 4098 vulgatam,
1261 4015 1319 4078 im·

163 4115 276 4200 primis
300 4121 411 4180 eontra
432 4113 577 4181 oodieem
600 4119 639 4178 A
661 4120 854 4198 oongruunt:

1128 4219 1142 4268 5
1149 4214 1165 4248 ²3
