3318 4970
487 380 529 436 De
546 380 650 450 legione
667 380 851 438 Romanorum
868 380 889 436 I.
908 379 1057 436 Adiutrice.
1308 380 1347 438 41

198 553 290 622 derit.
334 554 378 620 At
400 555 500 622 verba
527 556 585 622 illa
612 555 656 622 ad
678 553 875 621 audiendum
903 554 1045 622 iucunda
1066 573 1129 620 uon
1152 554 1288 621 luissent
1309 588 1352 599 —

196 656 232 723 id
260 656 347 740 quod
376 655 504 724 efficere
526 658 668 724 voluisse
690 656 830 722 Plinium
852 657 1026 740 liitterling
1053 657 1180 723 videtur
1201 654 1350 722 arbitrari

197 793 237 804 -
260 758 288 825 si
311 758 435 825 Plinius
463 759 572 842 plures
600 760 746 842 legiones
768 758 908 825 'Praiauo
930 759 1138 840 attribuisset,
1169 778 1265 842 quam
1293 759 1350 826 ille

196 879 231 926 re
265 879 344 926 vera
372 861 404 924 iu
426 859 634 928 Germaniam
662 860 839 927 adduxisse
867 859 1028 944 putandus
1056 867 1135 928 erat.
1179 861 1352 928 Praeterea

194 961 332 1028 Romani
364 963 552 1028 memoriam
586 963 713 1030 illarum
742 981 847 1029 rerum
880 981 982 1045 nuper
1013 969 1175 1046 gestarum
1208 962 1349 1029 noudum

195 1061 279 1129 adeo
302 1065 485 1147 amiserant,
515 1071 550 1131 ut
572 1065 679 1130 Plinio
701 1065 863 1147 legionum
886 1083 1062 1145 numerum,
1093 1071 1127 1130 ut
1154 1063 1349 1146 adularetur,

194 1165 238 1232 ad
267 1185 358 1232 suum
390 1167 556 1233 arbitrium
584 1184 705 1250 augere
731 1166 853 1248 liceret,
882 1166 945 1233 nisi
968 1167 1093 1232 civibus
1115 1166 1255 1233 ludibrio
1278 1186 1349 1234 esse

195 1268 304 1334 vellet.
349 1267 522 1336 censemus
555 1288 631 1351 ergo
665 1288 746 1336 vooe
774 1269 938 1351 legionum
965 1266 1140 1350 significari
1168 1271 1349 1354 complures

194 1370 339 1454 legiones
362 1388 482 1454 easque
503 1371 670 1436 minimum
692 1371 782 1437 duas.
828 1369 969 1448 Quarum
992 1372 1126 1438 alteram
1148 1371 1246 1438 fuisse
1269 1373 1348 1455 legi-

196 1491 290 1540 onem
313 1473 338 1538 Ι.
361 1473 561 1540 Adiutricem
591 1492 633 1539 ex
656 1473 713 1557 eis,
743 1491 827 1556 quae
848 1492 946 1558 supra
972 1473 1174 1557 protulimus,
1196 1480 1347 1559 apparet3

193 1575 297 1642 altera
324 1576 411 1660 legio
440 1575 509 1641 VII.
533 1575 671 1643 Gemina
699 1574 918 1658 intellegenda
946 1581 1004 1658 est,
1038 1595 1134 1658 quam
1168 1596 1240 1642 oum
1274 1583 1348 1644 auto

194 1697 313 1743 anuum
336 1679 386 1743 80.
410 1679 443 1743 iu
472 1679 664 1762 Hispaniam
693 1679 822 1745 venisse
855 1682 979 1744 constet
991 1681 1022 1761 ¹),
1056 1679 1097 1744 ab
1132 1697 1170 1744 eo
1204 1684 1348 1762 tempore

281 1899 305 1960 1)
324 1897 404 1950 Anno
418 1900 459 1960 ld,
477 1909 530 1963 quo
543 1893 728 1964 Vespasianus
746 1895 856 1962 siugulis
868 1895 1014 1965 prouinciis
1032 1896 1246 1952 occidentalibus
1259 1897 1347 1953 denuo

193 1996 258 2036 suas
276 1981 374 2050 cuique
395 1981 514 2049 legiones
532 1979 666 2046 attribuit,
690 1981 759 2050 legio
778 1981 838 2036 VH.
858 1980 972 2036 (lemiua
994 1981 1114 2037 noudum
1136 1983 1165 2036 iu
1189 1982 1348 2051 Hispaniam

193 2067 276 2122 missa
294 2072 344 2122 est.
381 2065 450 2120 Nam
468 2065 542 2136 apud
560 2064 686 2121 Tacitum
705 2066 778 2133 (hist.
792 2066 839 2121 lv.
853 2069 896 2132 39)
913 2065 1041 2134 legimus:
1054 2063 1178 2122 ‘dimissa
1195 2069 1223 2123 in
1235 2068 1348 2124 hiberna

192 2151 298 2220 legione
320 2143 450 2220 septima,
475 2166 545 2220 quae
568 2150 682 2206 hiberna
703 2152 756 2206 iam
778 2155 845 2220 tum,
870 2167 930 2206 eum
953 2152 1071 2220 legiones
1089 2153 1213 2222 illyricae
1231 2153 1344 2211 Othonis

193 2243 284 2306 partes
303 2241 413 2291 secutae
429 2237 516 2306 primo
535 2243 630 2292 contra
647 2237 785 2292 Vitellium
803 2237 901 2292 ducme
918 2243 983 2291 suut
1006 2243 1034 2292 et
1053 2237 1168 2294 Galliam
1187 2241 1346 2309 cisalpinam

192 2327 400 2392 occupaverunt,
412 2323 441 2378 in
450 2321 592 2378 Pannonia
604 2322 689 2378 luisse
699 2322 769 2378 idem
778 2328 876 2378 auctor
887 2323 1056 2393 testaturlhis
1065 2324 1154 2380 uerbis
1164 2325 1277 2391 (histll.
1292 2332 1346 2395 tl);

188 2401 287 2463 ‘Laeta
303 2409 411 2463 iuterim
429 2409 529 2464 Othoni
546 2409 682 2478 principia
699 2409 770 2476 belli,
795 2407 874 2463 motis
893 2408 927 2463 ad
943 2409 1085 2478 imperium
1103 2409 1162 2464 eius
1180 2425 1194 2464 e
1213 2411 1348 2467 Delmatia

192 2492 385 2563 Pannoniaque
408 2493 581 2550 exercitibus.
616 2493 706 2548 Fuere
729 2496 859 2562 quattuor
882 2493 1008 2562 legiones,
1032 2509 1047 2548 e
1071 2493 1168 2562 quibus
1192 2496 1256 2550 bina
1273 2496 1347 2552 milia

191 2579 354 2648 praemissa;
380 2580 456 2649 ipsae
481 2579 594 2636 modicis
620 2577 776 2634 intervallis·
796 2579 988 2647 sequebantur,
1014 2584 1173 2648 septumo
1196 2595 1214 2634 a
1238 2580 1346 2637 Galba

192 2665 407 2734 conscripta,
423 2671 567 2719 veteranae
584 2664 737 2719 undecuma
754 2678 787 2718 ac
809 2663 890 2718 tertia
908 2664 1021 2718 decuma
1039 2667 1067 2719 et
1085 2670 1183 2733 quarta
1195 2656 1345 2720 decumaui'

192 2751 219 2802 et
236 2765 260 2818 q.
279 2765 302 2804 s,
327 2754 417 2819 Atque
435 2750 498 2804 hist.
511 2750 547 2804 ΙΙ.
561 2753 592 2803 67
612 2750 724 2818 legimus
742 2749 874 2818 legionem
892 2763 909 2803 a
927 2749 1035 2804 Vitellio
1054 2749 1216 2806 Othonianis
1234 2749 1346 2806 devictis

191 2837 328 2892 incastus
350 2849 400 2890 sua
417 2835 435 2890 i.
454 2849 477 2888 e.
496 2835 525 2888 iu
547 2833 684 2904 illyricum
709 2849 768 2890 esse
791 2834 930 2889 remissam
951 2827 1124 2900 t‘uudacuma
1145 2851 1178 2890 ac
1201 2837 1346 2906 septima

191 2922 247 2976 suis
266 2921 387 2976 hibernis
404 2912 553 2987 redditao’).
590 2919 667 2974 Unde
689 2920 821 2989 legionem
844 2926 959 2976 exeunte
982 2935 1054 2976 auno
1073 2923 1114 2976 69.
1133 2920 1231 2976 iterum
1250 2928 1346 2977 contra

191 3006 350 3063 Vitellianos
372 3006 442 3062 duco
464 3006 584 3062 Antonio
608 3005 698 3060 Primo
725 3007 876 3075 profectam
903 3020 963 3060 esse
985 3004 1097 3061 Tacitus
1124 3006 1230 3062 disertis
1257 3008 1345 3063 verbis

190 3091 334 3146 memoriae
351 3090 470 3160 prodidit
487 3091 560 3158 (hist.
578 3091 613 3144 ll.
634 3094 689 3157 Stil:
708 3084 758 3144 ‘At
779 3091 808 3145 in
825 3090 967 3146 Pannonia
988 3091 1069 3146 tertia
1093 3091 1207 3146 decuma
1224 3092 1293 3160 legio
1311 3107 1345 3147 oo

190 3178 336 3247 septima
364 3176 531 3236 Galbiana
558 3177 676 3232 dolorem
700 3177 822 3246 iramque
848 3175 1037 3232 Bedriacensis
1063 3191 1171 3245 pugnae
1198 3176 1344 3233 retinentes

189 3263 262 3318 haud
283 3265 444 3317 cuucwuter
461 3262 629 3332 Vespasiano
652 3275 793 3317 accessere
811 3261 837 3316 vi
860 3261 1009 3330 praecipua
1032 3261 1115 3316 Primi
1132 3255 1263 3316 Antonii?
1298 3262 1344 3327 (cf.

189 3350 270 3404 etiam
294 3349 358 3404 hist.
383 3349 434 3404 111.
459 3354 472 3402 'l
493 3353 562 3418 sqq.)
596 3348 702 3403 Scimus
728 3347 789 3402 ideo
815 3348 947 3416 legionem
973 3347 1033 3401 VII.
1058 3347 1199 3402 Geminam
1225 3351 1344 3403 extremo

188 3449 260 3490 auno
280 3439 322 3490 69.
340 3435 368 3488 iu
391 3434 561 3490 Pannoniam
579 3434 729 3489 revertisse.
765 3433 807 3488 Ibi
829 3438 919 3488 autem
944 3432 1050 3487 videtur
1075 3433 1102 3486 iu
1120 3433 1211 3487 locum
1229 3433 1344 3501 legionis

188 3519 247 3576 XV.
267 3519 445 3590 Apillouaris,
467 3534 538 3588 quae
559 3520 587 3574 iu
606 3519 710 3589 Syriam
728 3519 763 3574 ad
781 3518 882 3573 bellum
900 3518 1042 3573 Iudaicum
1059 3518 1178 3572 abducta
1196 3523 1264 3584 erut,
1282 3534 1344 3574 sue-

188 3605 303 3662 cessisse
326 3619 414 3674 neque
431 3620 446 3659 e
462 3603 604 3674 producis
627 3610 719 3660 amota
742 3618 809 3671 esse,
833 3604 991 3672 priusquam
1013 3601 1061 3657 illa
1077 3603 1105 3656 iu
1124 3608 1216 3657 castra
1233 3618 1284 3658 sua
1302 3618 1344 3658 re·

187 3695 317 3745 uerterat.
353 3691 433 3744 Anno
457 3689 527 3744 enim
546 3694 588 3744 79.
607 3689 737 3758 legionem
756 3688 816 3745 Vll.
836 3679 977 3744 Gemiu'am
994 3689 1048 3742 iam
1065 3689 1093 3742 iu
1111 3687 1246 3756 Hispania
1264 3689 1344 3743 collo-

189 3779 277 3830 catam
294 3774 380 3830 fuisse
398 3774 479 3830 titulo
493 3773 551 3828 CIL
564 3775 600 3828 ll.
615 3779 681 3828 rete
702 3775 838 3830 docemur.
875 3773 933 3843 Quo
952 3773 1032 3828 titulo
1051 3773 1229 3828 demonstrari
1247 3788 1343 3828 unam

187 3867 293 3916 tontum
311 3859 443 3928 legionem
460 3863 518 3914 tum
534 3860 690 3930 prouinciae
708 3859 906 3916 Tarraconensi
929 3859 1100 3930 praesedisse
1118 3858 1264 3925 Ritterling
1281 3875 1344 3914 oon-

187 3945 273 4002 teudit
290 3949 328 4014 (p.
341 3949 374 3999 ld
387 3944 449 4000 adu.
465 3949 499 4010 3),
517 3945 566 4000 sed
583 3959 690 4002 errasse
706 3945 792 4001 virum
810 3944 920 4000 doctum
937 3943 1126 4014 interpretatio
1144 3943 1216 3998 tituli
1228 3942 1343 3999 idemm-

188 4031 300 4086 seuiaua
317 4031 404 4097 docet,
422 4030 571 4086 secuudum
590 4046 670 4101 quam
688 4046 758 4100 opus
775 4030 842 4086 illud
859 4059 892 4071 -
905 4034 989 4100 ponte
1007 4030 1078 4085 enim
1094 4030 1168 4084 lacto
1186 4028 1282 4084 titulus
1294 4045 1342 4098 po·

188 4117 256 4172 situs
269 4121 356 4172 est-
369 4114 495 4172 iecerunt
513 4122 539 4170 et
556 4115 624 4185 legio
637 4116 697 4172 vll.
711 4115 825 4171 Gemina
843 4118 871 4171 et
889 4116 1013 4171 civitates
1026 4115 1119 4171 decem
1136 4113 1207 4170 iufra
1226 4116 1343 4185 scriptae
