<?xml version="1.0" encoding="UTF-8"?>
<!DOCTYPE html PUBLIC "-//W3C//DTD XHTML 1.0 Transitional//EN"
    "http://www.w3.org/TR/xhtml1/DTD/xhtml1-transitional.dtd">
<html xmlns="http://www.w3.org/1999/xhtml" xml:lang="en" lang="en">
 <head>
  <title>
</title>
<meta http-equiv="Content-Type" content="text/html;charset=utf-8" />
  <meta name='ocr-system' content='tesseract 3.04.00' />
  <meta name='ocr-capabilities' content='ocr_page ocr_carea ocr_par ocr_line ocrx_word'/>
</head>
<body>
  <div class='ocr_page' id='page_1' title='image "./leipzigerstudie00curtgoog_0052.png"; bbox 0 0 3318 4970; ppageno 0'>
   <div class='ocr_carea' id='block_1_1' title="bbox 781 1258 1003 1326">
    <p class='ocr_par' dir='ltr' id='par_1_1' title="bbox 781 1258 1003 1326">
     <span class='ocr_line' id='line_1_1' title="bbox 781 1258 1003 1326; baseline -0.018 0"><span class='ocrx_word' id='word_1_1' title='bbox 781 1258 925 1326; x_wconf 80' lang='lat' dir='ltr'><strong>CAPUT</strong></span> <span class='ocrx_word' id='word_1_2' title='bbox 947 1258 1003 1323; x_wconf 94' lang='lat' dir='ltr'>III.</span> 
     </span>
    </p>
   </div>
   <div class='ocr_carea' id='block_1_2' title="bbox 394 1423 1388 1526">
    <p class='ocr_par' dir='ltr' id='par_1_2' title="bbox 394 1423 1388 1526">
     <span class='ocr_line' id='line_1_2' title="bbox 394 1423 1388 1526; baseline 0.003 -26"><span class='ocrx_word' id='word_1_3' title='bbox 394 1423 452 1502; x_wconf 84' lang='lat' dir='ltr'>Dc</span> <span class='ocrx_word' id='word_1_4' title='bbox 478 1429 619 1526; x_wconf 74' lang='lat' dir='ltr'>lcqt‘onc</span> <span class='ocrx_word' id='word_1_5' title='bbox 645 1423 681 1500; x_wconf 87' lang='lat' dir='ltr'>J.</span> <span class='ocrx_word' id='word_1_6' title='bbox 708 1424 901 1503; x_wconf 74' lang='lat' dir='ltr'><em>Adiutrice</em></span> <span class='ocrx_word' id='word_1_7' title='bbox 927 1429 963 1502; x_wconf 81' lang='lat' dir='ltr'>cir</span> <span class='ocrx_word' id='word_1_8' title='bbox 993 1425 1187 1504; x_wconf 74' lang='lat' dir='ltr'><em>Germania</em></span> <span class='ocrx_word' id='word_1_9' title='bbox 1208 1432 1388 1503; x_wconf 77' lang='lat' dir='ltr'>serrant.</span> 
     </span>
    </p>
   </div>
   <div class='ocr_carea' id='block_1_3' title="bbox 315 1614 1470 1799">
    <p class='ocr_par' dir='ltr' id='par_1_3' title="bbox 315 1614 1470 1799">
     <span class='ocr_line' id='line_1_3' title="bbox 315 1614 1470 1699; baseline 0 -17"><span class='ocrx_word' id='word_1_10' title='bbox 315 1623 344 1683; x_wconf 92' lang='lat'>1.</span> <span class='ocrx_word' id='word_1_11' title='bbox 383 1615 467 1694; x_wconf 78' lang='lat' dir='ltr'>Quo</span> <span class='ocrx_word' id='word_1_12' title='bbox 496 1621 681 1699; x_wconf 90' lang='lat' dir='ltr'>tempore</span> <span class='ocrx_word' id='word_1_13' title='bbox 710 1614 822 1697; x_wconf 89' lang='lat' dir='ltr'>legio</span> <span class='ocrx_word' id='word_1_14' title='bbox 851 1615 889 1679; x_wconf 94' lang='lat' dir='ltr'>in</span> <span class='ocrx_word' id='word_1_15' title='bbox 913 1614 1168 1682; x_wconf 78' lang='lat' dir='ltr'><strong>Germaniam</strong></span> <span class='ocrx_word' id='word_1_16' title='bbox 1192 1616 1394 1682; x_wconf 87' lang='lat' dir='ltr'>translata</span> <span class='ocrx_word' id='word_1_17' title='bbox 1417 1617 1470 1683; x_wconf 92' lang='lat' dir='ltr'>sit</span> 
     </span>
     <span class='ocr_line' id='line_1_4' title="bbox 598 1715 1185 1799; baseline -0.002 -17"><span class='ocrx_word' id='word_1_18' title='bbox 598 1722 635 1782; x_wconf 90' lang='lat' dir='ltr'>et</span> <span class='ocrx_word' id='word_1_19' title='bbox 657 1716 844 1799; x_wconf 81' lang='lat' dir='ltr'>quamdiu</span> <span class='ocrx_word' id='word_1_20' title='bbox 867 1716 926 1781; x_wconf 92' lang='lat' dir='ltr'>ibi</span> <span class='ocrx_word' id='word_1_21' title='bbox 949 1715 1185 1783; x_wconf 80' lang='lat' dir='ltr'><strong>tetenderit.</strong></span> 
     </span>
    </p>
   </div>
   <div class='ocr_carea' id='block_1_4' title="bbox 303 1851 1469 3986">
    <p class='ocr_par' dir='ltr' id='par_1_4' title="bbox 307 1851 1469 3157">
     <span class='ocr_line' id='line_1_5' title="bbox 397 1851 1469 1937; baseline 0.004 -21"><span class='ocrx_word' id='word_1_22' title='bbox 397 1852 435 1916; x_wconf 92' lang='lat' dir='ltr'>In</span> <span class='ocrx_word' id='word_1_23' title='bbox 469 1851 566 1918; x_wconf 90' lang='lat' dir='ltr'>Plinii</span> <span class='ocrx_word' id='word_1_24' title='bbox 599 1853 788 1936; x_wconf 79' lang='lat' dir='ltr'>panegyrici</span> <span class='ocrx_word' id='word_1_25' title='bbox 816 1853 922 1937; x_wconf 88' lang='lat' dir='ltr'>capite</span> <span class='ocrx_word' id='word_1_26' title='bbox 957 1856 996 1916; x_wconf 88' lang='grc'>14</span> <span class='ocrx_word' id='word_1_27' title='bbox 1029 1853 1182 1936; x_wconf 91' lang='lat' dir='ltr'>scriptum</span> <span class='ocrx_word' id='word_1_28' title='bbox 1212 1859 1261 1920; x_wconf 92' lang='lat' dir='ltr'>est</span> <span class='ocrx_word' id='word_1_29' title='bbox 1293 1853 1469 1920; x_wconf 82' lang='lat' dir='ltr'>Traianum</span> 
     </span>
     <span class='ocr_line' id='line_1_6' title="bbox 312 1952 1468 2040; baseline 0.001 -19"><span class='ocrx_word' id='word_1_30' title='bbox 312 1975 354 2021; x_wconf 90' lang='lat' dir='ltr'>ex</span> <span class='ocrx_word' id='word_1_31' title='bbox 376 1953 536 2036; x_wconf 82' lang='lat' dir='ltr'>Hispania</span> <span class='ocrx_word' id='word_1_32' title='bbox 559 1953 734 2020; x_wconf 90' lang='lat' dir='ltr'>Domitiani</span> <span class='ocrx_word' id='word_1_33' title='bbox 762 1954 849 2020; x_wconf 92' lang='lat' dir='ltr'>iussu</span> <span class='ocrx_word' id='word_1_34' title='bbox 878 1954 1023 2037; x_wconf 81' lang='lat' dir='ltr'>legiones</span> <span class='ocrx_word' id='word_1_35' title='bbox 1045 1953 1088 2020; x_wconf 89' lang='lat' dir='ltr'>ad</span> <span class='ocrx_word' id='word_1_36' title='bbox 1111 1952 1258 2022; x_wconf 87' lang='lat' dir='ltr'>Rhenum</span> <span class='ocrx_word' id='word_1_37' title='bbox 1281 1955 1468 2040; x_wconf 88' lang='lat' dir='ltr'>adduxisse,</span> 
     </span>
     <span class='ocr_line' id='line_1_7' title="bbox 311 2047 1468 2141; baseline 0.002 -18"><span class='ocrx_word' id='word_1_38' title='bbox 311 2057 401 2123; x_wconf 90' lang='lat' dir='ltr'>euius</span> <span class='ocrx_word' id='word_1_39' title='bbox 435 2057 574 2122; x_wconf 87' lang='lat' dir='ltr'>auctoris</span> <span class='ocrx_word' id='word_1_40' title='bbox 608 2055 707 2122; x_wconf 89' lang='lat' dir='ltr'>verba</span> <span class='ocrx_word' id='word_1_41' title='bbox 736 2062 810 2122; x_wconf 89' lang='lat' dir='ltr'>sunt</span> <span class='ocrx_word' id='word_1_42' title='bbox 838 2055 935 2123; x_wconf 87' lang='lat' dir='ltr'>haec:</span> <span class='ocrx_word' id='word_1_43' title='bbox 966 2047 1184 2122; x_wconf 77' lang='lat' dir='ltr'>‘Germaniam</span> <span class='ocrx_word' id='word_1_44' title='bbox 1213 2057 1468 2141; x_wconf 83' lang='lat' dir='ltr'>Hispaniamque</span> 
     </span>
     <span class='ocr_line' id='line_1_8' title="bbox 311 2147 1467 2241; baseline 0.001 -16"><span class='ocrx_word' id='word_1_45' title='bbox 311 2147 383 2225; x_wconf 91' lang='lat' dir='ltr'>cum</span> <span class='ocrx_word' id='word_1_46' title='bbox 413 2158 571 2241; x_wconf 83' lang='lat' dir='ltr'>plurimae</span> <span class='ocrx_word' id='word_1_47' title='bbox 600 2162 712 2239; x_wconf 82' lang='lat' dir='ltr'>gentes</span> <span class='ocrx_word' id='word_1_48' title='bbox 742 2177 781 2223; x_wconf 87' lang='lat' dir='ltr'>ac</span> <span class='ocrx_word' id='word_1_49' title='bbox 809 2177 911 2240; x_wconf 87' lang='lat' dir='ltr'>prope</span> <span class='ocrx_word' id='word_1_50' title='bbox 940 2157 1064 2223; x_wconf 89' lang='lat' dir='ltr'>infinita</span> <span class='ocrx_word' id='word_1_51' title='bbox 1091 2158 1226 2225; x_wconf 88' lang='lat' dir='ltr'>vastitas</span> <span class='ocrx_word' id='word_1_52' title='bbox 1248 2159 1467 2226; x_wconf 89' lang='lat' dir='ltr'>interiacentis</span> 
     </span>
     <span class='ocr_line' id='line_1_9' title="bbox 310 2257 1468 2343; baseline 0 -15"><span class='ocrx_word' id='word_1_53' title='bbox 310 2260 372 2328; x_wconf 93' lang='lat' dir='ltr'>soli</span> <span class='ocrx_word' id='word_1_54' title='bbox 402 2265 469 2325; x_wconf 86' lang='lat' dir='ltr'>tum</span> <span class='ocrx_word' id='word_1_55' title='bbox 496 2259 691 2343; x_wconf 89' lang='lat' dir='ltr'>Pyrenaeus,</span> <span class='ocrx_word' id='word_1_56' title='bbox 719 2257 821 2342; x_wconf 86' lang='lat' dir='ltr'>Alpes</span> <span class='ocrx_word' id='word_1_57' title='bbox 844 2259 1056 2342; x_wconf 89' lang='lat' dir='ltr'>immensique</span> <span class='ocrx_word' id='word_1_58' title='bbox 1084 2259 1141 2324; x_wconf 88' lang='lat' dir='ltr'>alii</span> <span class='ocrx_word' id='word_1_59' title='bbox 1168 2266 1301 2342; x_wconf 88' lang='lat' dir='ltr'>montes,</span> <span class='ocrx_word' id='word_1_60' title='bbox 1331 2262 1394 2328; x_wconf 92' lang='lat' dir='ltr'>nisi</span> <span class='ocrx_word' id='word_1_61' title='bbox 1417 2261 1468 2328; x_wconf 89' lang='lat' dir='ltr'>his</span> 
     </span>
     <span class='ocr_line' id='line_1_10' title="bbox 311 2359 1468 2445; baseline -0.001 -16"><span class='ocrx_word' id='word_1_62' title='bbox 311 2367 542 2445; x_wconf 77' lang='lat' dir='ltr'>comparentur,</span> <span class='ocrx_word' id='word_1_63' title='bbox 577 2361 723 2426; x_wconf 90' lang='lat' dir='ltr'>muniunt</span> <span class='ocrx_word' id='word_1_64' title='bbox 751 2359 978 2442; x_wconf 89' lang='lat' dir='ltr'>dirimuntque.</span> <span class='ocrx_word' id='word_1_65' title='bbox 1023 2361 1085 2426; x_wconf 92' lang='lat' dir='ltr'>Per</span> <span class='ocrx_word' id='word_1_66' title='bbox 1115 2360 1176 2428; x_wconf 89' lang='lat' dir='ltr'>hoo</span> <span class='ocrx_word' id='word_1_67' title='bbox 1195 2381 1299 2439; x_wconf 69' lang='lat' dir='ltr'>,omne</span> <span class='ocrx_word' id='word_1_68' title='bbox 1328 2363 1468 2445; x_wconf 86' lang='lat' dir='ltr'>spatium</span> 
     </span>
     <span class='ocr_line' id='line_1_11' title="bbox 309 2461 1467 2548; baseline 0 -17"><span class='ocrx_word' id='word_1_69' title='bbox 309 2484 381 2531; x_wconf 91' lang='lat' dir='ltr'>cum</span> <span class='ocrx_word' id='word_1_70' title='bbox 397 2463 587 2546; x_wconf 87' lang='lat' dir='ltr'>legiones</span> <span class='ocrx_word' id='word_1_71' title='bbox 602 2461 736 2528; x_wconf 91' lang='lat' dir='ltr'>duceres</span> <span class='ocrx_word' id='word_1_72' title='bbox 752 2480 810 2528; x_wconf 86' lang='lat' dir='ltr'>seu</span> <span class='ocrx_word' id='word_1_73' title='bbox 824 2462 930 2545; x_wconf 89' lang='lat' dir='ltr'>potius</span> <span class='ocrx_word' id='word_1_74' title='bbox 945 2463 1046 2540; x_wconf 83' lang='lat' dir='ltr'>(tanta</span> <span class='ocrx_word' id='word_1_75' title='bbox 1061 2463 1217 2530; x_wconf 87' lang='lat' dir='ltr'>velocitas</span> <span class='ocrx_word' id='word_1_76' title='bbox 1233 2465 1313 2541; x_wconf 88' lang='lat' dir='ltr'>erat)</span> <span class='ocrx_word' id='word_1_77' title='bbox 1325 2483 1467 2548; x_wconf 88' lang='lat' dir='ltr'>raperes,</span> 
     </span>
     <span class='ocr_line' id='line_1_12' title="bbox 308 2565 1467 2648; baseline 0.002 -17"><span class='ocrx_word' id='word_1_78' title='bbox 308 2587 372 2633; x_wconf 92' lang='lat' dir='ltr'>non</span> <span class='ocrx_word' id='word_1_79' title='bbox 403 2565 587 2632; x_wconf 89' lang='lat' dir='ltr'>vehiculum</span> <span class='ocrx_word' id='word_1_80' title='bbox 610 2582 761 2648; x_wconf 89' lang='lat' dir='ltr'>unquam,</span> <span class='ocrx_word' id='word_1_81' title='bbox 791 2583 854 2630; x_wconf 91' lang='lat' dir='ltr'>non</span> <span class='ocrx_word' id='word_1_82' title='bbox 878 2582 995 2647; x_wconf 91' lang='lat' dir='ltr'>equum</span> <span class='ocrx_word' id='word_1_83' title='bbox 1021 2565 1194 2648; x_wconf 83' lang='lat' dir='ltr'>respexisti</span> <span class='ocrx_word' id='word_1_84' title='bbox 1218 2613 1352 2630; x_wconf 93' lang='grc'><strong>.....</strong></span> <span class='ocrx_word' id='word_1_85' title='bbox 1397 2567 1467 2633; x_wconf 88' lang='lat' dir='ltr'>Nec</span> 
     </span>
     <span class='ocr_line' id='line_1_13' title="bbox 310 2664 1466 2750; baseline 0 -16"><span class='ocrx_word' id='word_1_86' title='bbox 310 2668 433 2750; x_wconf 90' lang='lat' dir='ltr'>dubito,</span> <span class='ocrx_word' id='word_1_87' title='bbox 457 2669 534 2750; x_wconf 91' lang='lat' dir='ltr'>quin</span> <span class='ocrx_word' id='word_1_88' title='bbox 557 2667 623 2748; x_wconf 88' lang='lat' dir='ltr'>ille,</span> <span class='ocrx_word' id='word_1_89' title='bbox 655 2667 710 2747; x_wconf 91' lang='lat' dir='ltr'>qui</span> <span class='ocrx_word' id='word_1_90' title='bbox 739 2671 770 2730; x_wconf 92' lang='lat' dir='ltr'>te</span> <span class='ocrx_word' id='word_1_91' title='bbox 793 2665 899 2732; x_wconf 91' lang='lat' dir='ltr'>inter</span> <span class='ocrx_word' id='word_1_92' title='bbox 922 2666 999 2732; x_wconf 90' lang='lat' dir='ltr'>illa</span> <span class='ocrx_word' id='word_1_93' title='bbox 1022 2664 1266 2733; x_wconf 79' lang='lat' dir='ltr'>Germaniae</span> <span class='ocrx_word' id='word_1_94' title='bbox 1290 2667 1402 2734; x_wconf 87' lang='lat' dir='ltr'>bella</span> <span class='ocrx_word' id='word_1_95' title='bbox 1424 2669 1466 2734; x_wconf 94' lang='lat' dir='ltr'>ab</span> 
     </span>
     <span class='ocr_line' id='line_1_14' title="bbox 307 2767 1467 2851; baseline 0.002 -17"><span class='ocrx_word' id='word_1_96' title='bbox 307 2769 467 2851; x_wconf 90' lang='lat' dir='ltr'>Hispania</span> <span class='ocrx_word' id='word_1_97' title='bbox 493 2787 594 2851; x_wconf 89' lang='lat' dir='ltr'>usque</span> <span class='ocrx_word' id='word_1_98' title='bbox 623 2773 657 2832; x_wconf 90' lang='lat' dir='ltr'>ut</span> <span class='ocrx_word' id='word_1_99' title='bbox 686 2767 922 2835; x_wconf 87' lang='lat' dir='ltr'>validissimum</span> <span class='ocrx_word' id='word_1_100' title='bbox 951 2767 1149 2850; x_wconf 85' lang='lat' dir='ltr'>praesidinm</span> <span class='ocrx_word' id='word_1_101' title='bbox 1178 2769 1353 2851; x_wconf 79' lang='lat' dir='ltr'>exciverat,</span> <span class='ocrx_word' id='word_1_102' title='bbox 1381 2770 1467 2837; x_wconf 88' lang='lat' dir='ltr'>iners</span> 
     </span>
     <span class='ocr_line' id='line_1_15' title="bbox 307 2869 1466 2954; baseline 0.002 -20"><span class='ocrx_word' id='word_1_103' title='bbox 307 2871 379 2954; x_wconf 90' lang='lat' dir='ltr'>ipse</span> <span class='ocrx_word' id='word_1_104' title='bbox 402 2869 583 2951; x_wconf 90' lang='lat' dir='ltr'>alienisque</span> <span class='ocrx_word' id='word_1_105' title='bbox 598 2869 769 2935; x_wconf 87' lang='lat' dir='ltr'>virtutibus</span> <span class='ocrx_word' id='word_1_106' title='bbox 792 2876 867 2936; x_wconf 89' lang='lat' dir='ltr'>tnnc</span> <span class='ocrx_word' id='word_1_107' title='bbox 889 2888 1017 2952; x_wconf 90' lang='lat' dir='ltr'>quoque</span> <span class='ocrx_word' id='word_1_108' title='bbox 1040 2869 1170 2936; x_wconf 88' lang='lat' dir='ltr'>invidus</span> <span class='ocrx_word' id='word_1_109' title='bbox 1185 2871 1370 2954; x_wconf 87' lang='lat' dir='ltr'>imperator,</span> <span class='ocrx_word' id='word_1_110' title='bbox 1394 2891 1466 2936; x_wconf 90' lang='lat' dir='ltr'>cnm</span> 
     </span>
     <span class='ocr_line' id='line_1_16' title="bbox 308 2969 1466 3056; baseline 0 -18"><span class='ocrx_word' id='word_1_111' title='bbox 308 2991 371 3056; x_wconf 91' lang='lat' dir='ltr'>ope</span> <span class='ocrx_word' id='word_1_112' title='bbox 387 2990 497 3037; x_wconf 90' lang='lat' dir='ltr'>earum</span> <span class='ocrx_word' id='word_1_113' title='bbox 513 2969 682 3053; x_wconf 89' lang='lat' dir='ltr'>indigeret,</span> <span class='ocrx_word' id='word_1_114' title='bbox 701 2977 824 3037; x_wconf 88' lang='lat' dir='ltr'>tantam</span> <span class='ocrx_word' id='word_1_115' title='bbox 839 2970 1085 3037; x_wconf 84' lang='lat' dir='ltr'>admirationem</span> <span class='ocrx_word' id='word_1_116' title='bbox 1101 2972 1147 3036; x_wconf 87' lang='lat' dir='ltr'>tui</span> <span class='ocrx_word' id='word_1_117' title='bbox 1162 2992 1225 3038; x_wconf 94' lang='lat' dir='ltr'>non</span> <span class='ocrx_word' id='word_1_118' title='bbox 1241 2973 1309 3038; x_wconf 90' lang='lat' dir='ltr'>sino</span> <span class='ocrx_word' id='word_1_119' title='bbox 1326 2972 1466 3055; x_wconf 88' lang='lat' dir='ltr'>quodam</span> 
     </span>
     <span class='ocr_line' id='line_1_17' title="bbox 307 3063 799 3157; baseline -0.004 -17"><span class='ocrx_word' id='word_1_120' title='bbox 307 3075 421 3140; x_wconf 90' lang='lat' dir='ltr'>timore</span> <span class='ocrx_word' id='word_1_121' title='bbox 444 3063 639 3157; x_wconf 87' lang='lat' dir='ltr'>conceperit&#39;</span> <span class='ocrx_word' id='word_1_122' title='bbox 666 3079 699 3138; x_wconf 90' lang='lat' dir='ltr'>et</span> <span class='ocrx_word' id='word_1_123' title='bbox 720 3093 750 3156; x_wconf 94' lang='lat' dir='ltr'>q.</span> <span class='ocrx_word' id='word_1_124' title='bbox 774 3093 799 3140; x_wconf 93' lang='lat' dir='ltr'>s.</span> 
     </span>
    </p>

    <p class='ocr_par' dir='ltr' id='par_1_5' title="bbox 304 3172 1466 3564">
     <span class='ocr_line' id='line_1_18' title="bbox 393 3172 1465 3258; baseline 0.002 -18"><span class='ocrx_word' id='word_1_125' title='bbox 393 3175 560 3242; x_wconf 84' lang='lat' dir='ltr'>Exsistunt</span> <span class='ocrx_word' id='word_1_126' title='bbox 582 3172 644 3241; x_wconf 89' lang='lat' dir='ltr'>hoc</span> <span class='ocrx_word' id='word_1_127' title='bbox 666 3174 738 3241; x_wconf 89' lang='lat' dir='ltr'>loco</span> <span class='ocrx_word' id='word_1_128' title='bbox 768 3176 948 3258; x_wconf 91' lang='lat' dir='ltr'>complures</span> <span class='ocrx_word' id='word_1_129' title='bbox 981 3175 1195 3257; x_wconf 85' lang='lat' dir='ltr'>quaestiones,</span> <span class='ocrx_word' id='word_1_130' title='bbox 1229 3195 1308 3257; x_wconf 88' lang='lat' dir='ltr'>quas</span> <span class='ocrx_word' id='word_1_131' title='bbox 1337 3177 1465 3242; x_wconf 87' lang='lat' dir='ltr'>solvere</span> 
     </span>
     <span class='ocr_line' id='line_1_19' title="bbox 307 3276 1466 3361; baseline -0.001 -16"><span class='ocrx_word' id='word_1_132' title='bbox 307 3279 463 3361; x_wconf 90' lang='lat' dir='ltr'>deinceps</span> <span class='ocrx_word' id='word_1_133' title='bbox 486 3296 648 3358; x_wconf 89' lang='lat' dir='ltr'>conamur,</span> <span class='ocrx_word' id='word_1_134' title='bbox 671 3277 808 3360; x_wconf 89' lang='lat' dir='ltr'>primum</span> <span class='ocrx_word' id='word_1_135' title='bbox 832 3296 914 3359; x_wconf 88' lang='lat' dir='ltr'>quae</span> <span class='ocrx_word' id='word_1_136' title='bbox 937 3276 1014 3343; x_wconf 88' lang='lat' dir='ltr'>illae</span> <span class='ocrx_word' id='word_1_137' title='bbox 1029 3276 1174 3359; x_wconf 88' lang='lat' dir='ltr'>legiones</span> <span class='ocrx_word' id='word_1_138' title='bbox 1196 3277 1323 3359; x_wconf 86' lang='lat' dir='ltr'>luerint,</span> <span class='ocrx_word' id='word_1_139' title='bbox 1347 3276 1466 3344; x_wconf 90' lang='lat' dir='ltr'>deinde</span> 
     </span>
     <span class='ocr_line' id='line_1_20' title="bbox 306 3377 1466 3464; baseline -0.002 -16"><span class='ocrx_word' id='word_1_140' title='bbox 306 3400 369 3464; x_wconf 91' lang='lat' dir='ltr'>quo</span> <span class='ocrx_word' id='word_1_141' title='bbox 392 3397 523 3445; x_wconf 87' lang='lat' dir='ltr'>munere</span> <span class='ocrx_word' id='word_1_142' title='bbox 547 3386 615 3444; x_wconf 88' lang='lat' dir='ltr'>tum</span> <span class='ocrx_word' id='word_1_143' title='bbox 638 3378 796 3444; x_wconf 84' lang='lat' dir='ltr'>Traianus</span> <span class='ocrx_word' id='word_1_144' title='bbox 818 3377 945 3445; x_wconf 88' lang='lat' dir='ltr'>functus</span> <span class='ocrx_word' id='word_1_145' title='bbox 968 3379 1018 3461; x_wconf 91' lang='lat' dir='ltr'>sit,</span> <span class='ocrx_word' id='word_1_146' title='bbox 1048 3377 1188 3462; x_wconf 90' lang='lat' dir='ltr'>denique</span> <span class='ocrx_word' id='word_1_147' title='bbox 1217 3398 1281 3462; x_wconf 90' lang='lat' dir='ltr'>qua</span> <span class='ocrx_word' id='word_1_148' title='bbox 1304 3377 1344 3445; x_wconf 93' lang='lat' dir='ltr'>de</span> <span class='ocrx_word' id='word_1_149' title='bbox 1367 3399 1466 3446; x_wconf 83' lang='lat' dir='ltr'>causa</span> 
     </span>
     <span class='ocr_line' id='line_1_21' title="bbox 304 3479 1028 3564; baseline -0.006 -16"><span class='ocrx_word' id='word_1_150' title='bbox 304 3483 452 3564; x_wconf 87' lang='lat' dir='ltr'>legiones</span> <span class='ocrx_word' id='word_1_151' title='bbox 475 3482 508 3546; x_wconf 91' lang='lat' dir='ltr'>in</span> <span class='ocrx_word' id='word_1_152' title='bbox 531 3479 736 3546; x_wconf 85' lang='lat' dir='ltr'>Germaniam</span> <span class='ocrx_word' id='word_1_153' title='bbox 759 3479 933 3547; x_wconf 88' lang='lat' dir='ltr'>translatae</span> <span class='ocrx_word' id='word_1_154' title='bbox 955 3480 1028 3546; x_wconf 89' lang='lat' dir='ltr'>sint.</span> 
     </span>
    </p>

    <p class='ocr_par' dir='ltr' id='par_1_6' title="bbox 303 3581 1464 3986">
     <span class='ocr_line' id='line_1_22' title="bbox 391 3581 1464 3667; baseline 0.001 -19"><span class='ocrx_word' id='word_1_155' title='bbox 391 3584 440 3649; x_wconf 87' lang='lat' dir='ltr'>Ac</span> <span class='ocrx_word' id='word_1_156' title='bbox 461 3584 601 3667; x_wconf 90' lang='lat' dir='ltr'>primum</span> <span class='ocrx_word' id='word_1_157' title='bbox 617 3581 747 3666; x_wconf 92' lang='lat' dir='ltr'>quidem</span> <span class='ocrx_word' id='word_1_158' title='bbox 771 3581 799 3648; x_wconf 93' lang='lat' dir='ltr'>si</span> <span class='ocrx_word' id='word_1_159' title='bbox 822 3581 1014 3664; x_wconf 87' lang='lat' dir='ltr'>quaerimus,</span> <span class='ocrx_word' id='word_1_160' title='bbox 1039 3600 1119 3663; x_wconf 91' lang='lat' dir='ltr'>quas</span> <span class='ocrx_word' id='word_1_161' title='bbox 1141 3581 1286 3662; x_wconf 91' lang='lat' dir='ltr'>legiones</span> <span class='ocrx_word' id='word_1_162' title='bbox 1303 3582 1464 3649; x_wconf 81' lang='lat' dir='ltr'>Traianus</span> 
     </span>
     <span class='ocr_line' id='line_1_23' title="bbox 304 3676 1464 3766; baseline 0 -16"><span class='ocrx_word' id='word_1_163' title='bbox 304 3687 338 3750; x_wconf 92' lang='lat' dir='ltr'>in</span> <span class='ocrx_word' id='word_1_164' title='bbox 361 3682 567 3750; x_wconf 89' lang='lat' dir='ltr'>Germaniam</span> <span class='ocrx_word' id='word_1_165' title='bbox 591 3683 781 3766; x_wconf 85' lang='lat' dir='ltr'>traduxerit,</span> <span class='ocrx_word' id='word_1_166' title='bbox 803 3683 1006 3766; x_wconf 83' lang='lat' dir='ltr'>Rittorling1)</span> <span class='ocrx_word' id='word_1_167' title='bbox 1027 3701 1141 3750; x_wconf 86' lang='lat' dir='ltr'>vocem</span> <span class='ocrx_word' id='word_1_168' title='bbox 1169 3676 1391 3766; x_wconf 80' lang='lat' dir='ltr'>‘legiones&#39;</span> <span class='ocrx_word' id='word_1_169' title='bbox 1418 3685 1464 3750; x_wconf 88' lang='lat' dir='ltr'>ita</span> 
     </span>
     <span class='ocr_line' id='line_1_24' title="bbox 303 3783 1463 3870; baseline -0.002 -17"><span class='ocrx_word' id='word_1_170' title='bbox 303 3788 541 3870; x_wconf 87' lang='lat' dir='ltr'>interpretatur,</span> <span class='ocrx_word' id='word_1_171' title='bbox 565 3791 600 3851; x_wconf 91' lang='lat' dir='ltr'>ut</span> <span class='ocrx_word' id='word_1_172' title='bbox 621 3785 762 3850; x_wconf 92' lang='lat' dir='ltr'>Plinium</span> <span class='ocrx_word' id='word_1_173' title='bbox 784 3783 945 3852; x_wconf 90' lang='lat' dir='ltr'>rhetorica</span> <span class='ocrx_word' id='word_1_174' title='bbox 968 3785 1108 3868; x_wconf 89' lang='lat' dir='ltr'>quadam</span> <span class='ocrx_word' id='word_1_175' title='bbox 1131 3785 1348 3869; x_wconf 90' lang='lat' dir='ltr'>superlatione</span> <span class='ocrx_word' id='word_1_176' title='bbox 1371 3805 1463 3852; x_wconf 93' lang='lat' dir='ltr'>usum</span> 
     </span>
     <span class='ocr_line' id='line_1_25' title="bbox 304 3885 1464 3986; baseline -0.004 -29"><span class='ocrx_word' id='word_1_177' title='bbox 304 3909 376 3957; x_wconf 91' lang='lat' dir='ltr'>esse</span> <span class='ocrx_word' id='word_1_178' title='bbox 393 3894 493 3972; x_wconf 86' lang='lat' dir='ltr'>putet,</span> <span class='ocrx_word' id='word_1_179' title='bbox 517 3885 604 3969; x_wconf 91' lang='lat' dir='ltr'>quod</span> <span class='ocrx_word' id='word_1_180' title='bbox 621 3905 660 3952; x_wconf 90' lang='lat' dir='ltr'>ea</span> <span class='ocrx_word' id='word_1_181' title='bbox 675 3892 782 3986; x_wconf 79' lang='lat' dir='ltr'>aetate</span> <span class='ocrx_word' id='word_1_182' title='bbox 805 3906 869 3953; x_wconf 92' lang='lat' dir='ltr'>nna</span> <span class='ocrx_word' id='word_1_183' title='bbox 885 3893 1007 3952; x_wconf 86' lang='lat' dir='ltr'>tantum</span> <span class='ocrx_word' id='word_1_184' title='bbox 1030 3887 1117 3971; x_wconf 88' lang='lat' dir='ltr'>legio</span> <span class='ocrx_word' id='word_1_185' title='bbox 1141 3888 1173 3952; x_wconf 92' lang='lat' dir='ltr'>in</span> <span class='ocrx_word' id='word_1_186' title='bbox 1189 3887 1349 3970; x_wconf 90' lang='lat' dir='ltr'>Hispania</span> <span class='ocrx_word' id='word_1_187' title='bbox 1364 3893 1464 3953; x_wconf 88' lang='lat' dir='ltr'>teten-</span> 
     </span>
    </p>
   </div>
   <div class='ocr_carea' id='block_1_5' title="bbox 391 4070 710 4139">
    <p class='ocr_par' dir='ltr' id='par_1_7' title="bbox 391 4070 710 4139">
     <span class='ocr_line' id='line_1_26' title="bbox 391 4070 710 4139; baseline -0.009 -13"><span class='ocrx_word' id='word_1_188' title='bbox 391 4075 414 4139; x_wconf 82' lang='lat'>1)</span> <span class='ocrx_word' id='word_1_189' title='bbox 433 4071 488 4127; x_wconf 90' lang='lat'>1.1.</span> <span class='ocrx_word' id='word_1_190' title='bbox 507 4085 535 4139; x_wconf 86' lang='lat' dir='ltr'>p.</span> <span class='ocrx_word' id='word_1_191' title='bbox 554 4074 586 4124; x_wconf 81' lang='lat' dir='ltr'>to</span> <span class='ocrx_word' id='word_1_192' title='bbox 605 4070 667 4127; x_wconf 76' lang='lat' dir='ltr'>aon.</span> <span class='ocrx_word' id='word_1_193' title='bbox 688 4074 710 4124; x_wconf 84' lang='lat' dir='ltr'>e.</span> 
     </span>
    </p>
   </div>
   <div class='ocr_carea' id='block_1_6' title="bbox 0 0 1664 4970">
    <p class='ocr_par' dir='ltr' id='par_1_8' title="bbox 0 0 1664 4970">
     <span class='ocr_line' id='line_1_27' title="bbox 0 0 1664 4970; baseline 0 6"><span class='ocrx_word' id='word_1_194' title='bbox 0 0 1664 4970; x_wconf 95' lang='lat' dir='ltr'> </span> 
     </span>
    </p>
   </div>
  </div>
 </body>
</html>
