3170 4984
769 1189 915 1258 CAPUT
937 1189 1007 1257 v11.

478 1337 538 1416 Do
559 1340 727 1440 footo‘bor
754 1339 929 1442 Dionysii
952 1341 1299 1422 Haloaornoaonso

512 1462 549 1535 in
577 1465 650 1536 ont.
677 1458 783 1538 Rom.
818 1459 877 1537 VI
897 1461 950 1538 23
966 1485 1046 1562 sqq.
1075 1461 1262 1542 adhibitis,

392 1630 460 1697 Sed
483 1631 525 1698 de
541 1631 691 1717 Dionysii
713 1633 797 1700 libro
814 1633 841 1700 V
857 1634 1026 1702 haetenus:
1051 1641 1254 1720 sequeretur,
1284 1642 1320 1701 nt
1354 1636 1474 1704 eadem

305 1733 373 1799 fere
402 1733 526 1800 ratione
555 1733 597 1802 de
626 1736 837 1821 sequentibus
867 1735 1076 1822 disputarem.
1126 1733 1233 1815 Quare
1263 1736 1344 1802 mihi
1374 1741 1475 1806 venia

305 1836 367 1901 erit
389 1835 540 1918 petenda,
564 1837 592 1902 si
616 1837 657 1904 de
673 1838 717 1904 VI
733 1839 817 1905 libro
840 1838 1066 1926 disquisitione
1089 1838 1330 1924 angustioribus
1353 1839 1473 1912 tinibus

305 1937 548 2022 oiroumsoripta
564 1958 603 2004 ea
619 1945 744 2008 tantum
758 1942 942 2026 prolaturus
958 1961 1039 2024 sum,
1062 1959 1147 2026 quaa
1169 1939 1316 2007 faciliore
1338 1945 1473 2026 negotio

304 2038 338 2104 in
361 2038 579 2108 fundamentis
601 2062 622 2107 a
643 2061 696 2108 me
719 2043 829 2126 iaotis,
859 2044 1008 2126 quamvis
1031 2044 1152 2127 pusilla
1173 2044 1207 2108 in
1230 2043 1309 2110 satis
1332 2033 1473 2128 magnis,

305 2141 428 2207 exstrui
456 2143 598 2226 possint,
629 2144 673 2210 ad
700 2145 800 2212 libros
829 2145 891 2212 VII
920 2152 952 2212 st
980 2145 1059 2212 VIII
1087 2150 1196 2210 autem
1229 2145 1473 2232 percensendus

305 2243 435 2309 omnino
457 2243 600 2310 nondum
624 2265 696 2312 sum
717 2245 941 2332 adgressurus.

388 2345 428 2411 Id
443 2352 551 2414 tamen
567 2349 675 2416 facere
690 2369 754 2416 non
775 2369 919 2436 possum,
943 2349 1021 2432 quin
1043 2347 1085 2414 de
1108 2354 1200 2438 parte
1223 2347 1366 2432 quadam
1388 2351 1472 2416 anti·
1574 2387 1575 2392 =

304 2447 480 2530 quissimus
517 2449 672 2516 historiae
701 2451 868 2517 Romanae
896 2471 917 2516 a
945 2450 1056 2518 multis
1084 2450 1175 2518 varie
1204 2455 1365 2534 temptata
1398 2450 1473 2534 ipse

303 2568 432 2632 quoqne
466 2550 640 2620 disseram:
676 2551 724 2618 de
757 2552 997 2620 senessione
1030 2551 1170 2636 plebis
1200 2551 1283 2620 dieo.
1335 2551 1387 2619 Da
1424 2553 1472 2618 eis

301 2652 448 2735 partibus
470 2651 558 2718 Livii
588 2660 621 2719 et
642 2653 810 2737 Dionysii,
845 2653 962 2736 quibus
986 2653 1100 2719 horum
1123 2673 1279 2720 annorum
1302 2673 1355 2720 res
1379 2673 1473 2724 enar·

303 2760 393 2820 ratae
409 2760 491 2836 sunt,
515 2753 592 2820 inde
607 2776 628 2820 a
642 2753 821 2838 Nitasohio,
846 2759 1001 2838 quantum
1021 2755 1099 2840 seio,
1123 2754 1185 2824 hae
1201 2756 1373 2842 expositae
1396 2762 1473 2824 sunt

302 2858 494 2922 sententiae:

388 2957 631 3026 Nitnsohius
645 2960 666 3035 ¹)
689 2958 840 3044 Dionysii
863 2959 1080 3025 narrationem
1104 2977 1123 3024 e
1144 2958 1263 3026 Liainii
1286 2959 1390 3025 Marri
1414 2979 1471 3024 an·

302 3060 430 3126 nalibus
456 3065 550 3143 putat
579 3062 791 3146 exscriptam,
822 3060 980 3126 Livianae
1002 3061 1046 3138 (II
1068 3063 1194 3126 22-31
1220 3061 1308 3136 inol.)
1333 3062 1472 3126 alteram

301 3168 428 3248 partem
451 3162 496 3242 (ΙΙ
518 3165 657 3240 22-28)
688 3181 730 3228 ex
752 3163 900 3246 Antiate,
929 3164 1065 3229 alteram
1095 3181 1137 3228 ex
1158 3161 1286 3228 Licinio
1313 3161 1470 3246 pendere,

301 3271 336 3330 ut
364 3265 435 3330 Liv.
459 3263 492 3329 11
521 3267 645 3332 29-31
678 3271 711 3331 et
733 3264 828 3330 Dion.
853 3263 1258 3347 V134,afin.-45‚1
1285 3283 1328 3331 ex
1352 3263 1470 3330 eodem
1571 3251 1572 3284 ³

301 3367 390 3432 tonte
412 3367 515 3450 petita
536 3368 610 3434 sint.

388 3467 494 3547 Quam
509 3469 701 3536 sententiam
719 3469 843 3552 primus
867 3468 1072 3552 impugnavit
1094 3466 1291 3549 Glason2),
1315 3470 1372 3551 qui
1395 3469 1469 3534 vioe

301 3590 398 3638 versa
413 3570 500 3636 Livii
515 3571 708 3646 narrationis
730 3570 873 3654 priorem
895 3576 1021 3652 partem
1044 3589 1087 3635 ex
1101 3568 1230 3650 Licinii,
1252 3569 1468 3651 posteriorem

301 3692 344 3739 ex
359 3673 500 3738 Antiatis
515 3672 687 3738 annalibus
711 3670 860 3737 haustam
883 3689 955 3737 esse
978 3672 1153 3752 existimat,
1175 3669 1224 3736 sie
1246 3675 1355 3734 tamen
1379 3672 1468 3754 oapi·

300 3774 387 3841 tibus
409 3774 597 3858 dispertitis,
620 3781 657 3839 ut
678 3773 779 3854 priori
801 3774 887 3856 parti
908 3771 941 3836 H
963 3767 1104 3857 22-29,
1127 3770 1298 3854 posteriori
1321 3771 1354 3836 Π
1378 3774 1420 3837 30
1437 3779 1468 3837 et

302 3877 339 3940 31
366 3875 468 3941 daret.
520 3875 636 3958 Neque
667 3874 755 3940 idem
785 3873 827 3940 de
857 3875 1007 3959 Dionysii
1034 3879 1167 3940 anctore
1196 3892 1268 3940 oum
1298 3872 1467 3941 Nitasahio

389 4062 413 4123 1)
427 4051 475 4112 ‘D.
494 4064 562 4113 idm.
580 4050 689 4113 Annal.'
709 4061 783 4122 1873,
801 4073 828 4127 p.
848 4061 960 4114 er-so.

388 4146 414 4209 2)
426 4138 586 4198 ‘Romische
605 4134 782 4199 Gerehiohte‘
799 4142 827 4197 ΙΙ
844 4142 986 4212 (Schwegl.
1001 4142 1034 4210 V)
1054 4145 1129 4208 18⁷6,
1146 4157 1174 4212 p.
1193 4143 1303 4197 88-91.
