3170 4984
327 374 388 434 288
759 371 961 428 Maximilianus
979 371 1058 428 Thicl

326 548 359 612 ni
382 567 464 614 avec
486 549 517 613 le
540 547 628 612 texta
651 545 683 612 d’
703 545 852 614 Atheneo
874 547 907 610 ni
929 565 1010 614 avec
1032 546 1081 613 lcs
1103 543 1222 628 figuras
1245 545 1289 614 du
1311 547 1495 613 manuscrit

326 649 368 717 de
390 650 521 732 Mynas3
539 649 577 734 je
600 649 666 716 suis
689 648 821 733 dispose
843 653 864 714 a
886 649 990 714 croire
1013 669 1075 732 quc
1097 649 1233 714 Vitruve
1254 669 1276 714 a
1297 667 1338 714 eu
1362 667 1402 714 cn
1426 669 1493 716 vue

326 772 388 818 nne
416 759 508 818 autre
537 752 744 836 disposition,
775 770 815 817 en
838 769 939 834 usage
963 751 1004 818 dc
1027 770 1086 817 son
1108 742 1241 834 temps’.
1285 751 1440 818 Attamen
1464 754 1493 818 si

325 855 442 922 acriter
455 854 593 920 Vitruvii
610 859 642 919 et
656 852 817 920 Athenaei
833 853 933 920 verba
949 853 1184 936 contemplatus
1209 854 1281 936 eris,
1304 851 1376 920 fore
1391 874 1492 939 sporo

326 964 362 1023 ut
382 975 514 1039 prorsus
536 975 558 1022 a
580 954 733 1022 Rcchacii
755 954 877 1020 iudicio
899 953 1045 1022 recedas.

412 1058 588 1125 Videamus
611 1058 749 1141 primum
772 1063 942 1140 utrumque
965 1057 1158 1140 separatim:
1181 1055 1321 1123 Vitruvii
1344 1056 1493 1142 descrip-

325 1163 445 1228 tionem
462 1160 550 1244 quod
564 1159 744 1226 Roehasius
758 1177 824 1224 non
840 1158 959 1224 claram
974 1178 1046 1225 esse
1061 1157 1228 1241 iudicavit,
1245 1160 1376 1242 singula
1390 1179 1492 1244 quac-

326 1263 402 1330 dam
417 1263 489 1330 viro
505 1262 600 1330 docto
616 1259 823 1330 concedimus
839 1279 911 1326 esse
926 1260 1090 1344 ambigna,
1114 1261 1147 1326 in
1170 1260 1356 1330 universum
1380 1269 1493 1328 autem
1575 1335 1576 1338 Ἴ

325 1367 415 1432 nulla
437 1371 486 1431 cst
508 1363 682 1431 dubitatio:
712 1361 863 1429 machina
885 1364 932 1428 ita
954 1369 1023 1428 erat
1045 1363 1207 1447 instituta,
1235 1370 1358 1429 utnon
1383 1367 1494 1432 solum

326 1467 358 1532 in
380 1473 501 1534 rectum
525 1465 719 1550 promoveri,
746 1463 804 1530 sed
827 1483 1071 1547 quoquoversus
1094 1463 1192 1548 dirigi
1214 1472 1335 1551 posset.
1381 1465 1494 1550 Quod,

326 1569 389 1636 nisi
411 1573 512 1634 totam
540 1567 722 1634 machinam
746 1567 861 1651 grandi
883 1568 974 1633 illam
997 1567 1129 1650 quidem
1152 1566 1296 1651 pondere
1319 1569 1438 1636 tollere
1462 1579 1496 1636 et
1575 1571 1576 1594 l

326 1671 531 1736 circumferre
554 1671 735 1752 voluerunt,
758 1689 822 1735 non
848 1669 944 1736 aliter
964 1670 1070 1753 potuit
1092 1667 1178 1736 effici
1200 1689 1298 1752 quam
1322 1673 1495 1738 conversis
1575 1709 1576 1712 =

327 1775 396 1840 eius
411 1774 501 1840 rotis.
533 1774 667 1856 Iamque
691 1771 820 1854 singula
842 1791 906 1838 non
929 1772 975 1837 ita
997 1771 1148 1838 videntur
1170 1773 1321 1840 obscura:
1344 1779 1493 1839 rotarum
1575 1787 1576 1796 ¹

325 1894 406 1941 axes
428 1876 544 1942 inclusi
567 1889 659 1940 erant
681 1875 714 1938 in
741 1874 938 1956 arbusculis,
969 1871 1085 1958 quibus
1108 1875 1244 1942 versatis
1267 1909 1309 1920 -
1332 1873 1498 1942 videlicet

327 1975 474 2042 cardines
505 1980 548 2060 (p.
570 1978 643 2061 276,
667 1977 698 2052 5)
728 1993 837 2040 eorum
867 1976 900 2040 in
928 1977 1031 2058 ipsius
1060 1974 1230 2044 machinae
1259 1976 1364 2042 basim
1397 1985 1497 2044 orant

326 2079 489 2144 immissae
505 2113 547 2124 -
563 2078 627 2162 ipsi
642 2097 722 2144 axes
744 2084 899 2161 rotaeque
921 2078 955 2143 in
978 2079 1076 2144 aliam
1099 2085 1224 2162 partem
1247 2079 1495 2146 constitueban-

326 2187 386 2246 tur.
431 2180 578 2264 Apparet
607 2179 705 2263 igitur
734 2180 932 2261 singularum
955 2186 1096 2246 rotarum
1119 2199 1199 2248 anes
1222 2181 1256 2245 in
1278 2181 1414 2263 singulis
1442 2203 1496 2248 ar·

327 2283 469 2349 bucculis
496 2281 638 2349 inclusos
668 2281 781 2348 fuisse:
816 2280 902 2364 finge
925 2281 985 2347 tibi
1008 2281 1115 2349 animo
1139 2288 1300 2365 truncum,
1325 2283 1417 2350 cuius
1453 2305 1498 2351 ex
1575 2311 1576 2358 r

328 2385 494 2469 superiore
505 2391 598 2468 parte
609 2385 708 2468 plana
720 2384 862 2450 emineat
874 2383 971 2450 cardo
983 2384 1146 2450 immissus
1159 2385 1255 2450 simul
1267 2386 1300 2450 in
1316 2385 1497 2453 machinae
1575 2375 1576 2400 ¹

328 2488 439 2554 basim.
485 2487 536 2552 En
564 2484 715 2552 inferiore
744 2493 852 2552 autem
880 2493 972 2570 parte
1003 2493 1093 2552 tanta
1115 2493 1165 2554 est
1186 2487 1316 2570 incisio,
1346 2495 1382 2553 ut
1405 2489 1499 2555 intra
1575 2539 1576 2542 η

328 2609 400 2655 cam
415 2596 578 2671 tamquam
595 2588 678 2654 inter
692 2588 803 2655 furcae
824 2586 906 2654 duas
929 2595 1037 2672 partes
1060 2591 1184 2656 moveri
1206 2591 1310 2674 possit
1331 2596 1403 2656 rota
1426 2612 1498 2659 axe

327 2711 386 2776 per
408 2711 464 2758 eas
486 2691 631 2757 traiecto.
644 2693 666 2768 ¹)
710 2691 758 2756 Ac
781 2691 863 2757 tales
886 2685 1101 2772 ἁμαξόαοὸες
1124 2693 1221 2758 etiam
1244 2693 1278 2758 in
1300 2693 1375 2760 aliis
1398 2693 1498 2760 vehi·

328 2795 409 2860 culis
437 2792 538 2860 tuisse
568 2791 736 2870 videntur,
766 2792 805 2859 cf.
839 2793 962 2861 Polluc.
986 2794 1002 2859 l
1030 2798 1092 2861 253
1124 2781 1253 2882 ἁμάξης
1274 2797 1357 2880 μέρη
1382 2843 1424 2862 ..
1455 2844 1497 2861 ..

327 2889 510 2979 inaccepta
525 2887 564 2982 ἧς
578 2891 620 2958 τὰ
643 2891 853 2979 ἑκατέρωθεν
876 2894 1005 2980 πλευρὰ
1027 2898 1144 2980 bercol
1166 2897 1354 2976 καλοῦνται,
1380 2895 1499 2975 δεξιὸς

327 2997 383 3061 καὶ
396 2989 581 3082 ἀριστερός.
597 2992 799 3084 ὑαοντέπηγε
816 2994 845 3060 d'
860 2989 974 3074 αὐτοῖς
991 2996 1071 3076 ξύλα
1085 2995 1105 3063 ἃ
1117 3003 1265 3080 dococto
1277 2991 1496 3082 ὀνομάζεται.

329 3096 380 3176 οἷς
413 3096 661 3186 ἐφαρμόζονται
696 3099 729 3165 οἱ
763 3093 981 3186 ἆμαξήποόες
1013 3095 1076 3187 ὑφ’
1109 3093 1155 3166 ὦν
1183 3095 1200 3166 ὁ
1238 3095 1326 3178 ἄξων
1356 3099 1497 3169 ἕλκεται

329 3199 556 3289 στρεφόμενος
571 3229 582 3283 ,·
623 3210 655 3269 et
690 3201 834 3286 Hesych.
873 3197 1083 3284 eptateuchos
1120 3205 1178 3288 τῆς
1214 3197 1417 3289 desperetur
1449 3203 1496 3269 τὰ

328 3301 400 3388 s'c'drp
428 3300 469 3367 τὰ
495 3315 567 3381 τοῖς
601 3299 699 3381 ἄξοσι
730 3307 985 3388 προστιθέμενα
1014 3309 1256 3392 οτρεφομένοις
1282 3305 1361 3390 περὶ
1393 3296 1496 3372 οὖτά.

329 3405 396 3473 Sed
418 3405 482 3472 hoc
504 3424 582 3473 sane
604 3407 637 3471 in
660 3407 724 3492 eis,
754 3427 835 3491 quos
858 3409 1024 3475 Vitruvius
1047 3408 1217 3492 describit,
1241 3408 1407 3475 diversum
1430 3408 1496 3476 fnit

328 3529 349 3574 a
385 3509 590 3592 vulgaribus,
628 3508 716 3594 quod
748 3511 894 3576 vectibus
928 3512 1039 3594 (supra
1071 3511 1262 3578 incisionem
1298 3511 1390 3576 illam
1430 3530 1495 3593 pcr

328 3610 464 3693 lignum)
498 3611 641 3678 traiectis
674 3631 785 3678 corum
817 3613 1017 3680 versationes
1051 3612 1317 3697 expediebantur.
1373 3611 1494 3697 Neque

329 3718 437 3778 tumen
463 3711 526 3779 hoe
557 3714 726 3796 miramur;
760 3734 835 3780 nam
863 3721 899 3780 ul
927 3715 992 3780 iam
1025 3733 1124 3798 supra
1152 3715 1492 3798 commemoravimus,

390 3937 394 3947 ,
418 3886 442 3945 1)
460 3880 594 3936 Marinius
616 3880 668 3946 (cd.
686 3880 737 3936 vol.
761 3880 789 3936 II
811 3898 838 3951 p.
858 3885 909 3936 354
932 3881 996 3938 adn.
1016 3885 1041 3949 5)
1065 3881 1207 3938 Athenaeo
1232 3881 1279 3950 qui
1302 3882 1385 3941 docet
1408 3898 1437 3952 p.
1461 3887 1491 3937 lt

329 3971 449 4020 rotarum
462 3966 669 4022 crassitudinem
681 3965 766 4021 luisse
778 3967 900 4036 pedalem
918 3966 1041 4035 neglecto
1061 3967 1159 4022 iniuria
1178 3966 1325 4022 secundum
1343 3965 1492 4036 Hegetcris

328 4050 483 4106 machinam
495 4051 583 4106 tribus
596 4052 711 4121 pedibus
723 4051 797 4106 illam
816 4051 953 4107 aestimat:
971 4051 1063 4118 itaque
1081 4052 1139 4108 fieri
1157 4067 1211 4107 non
1230 4051 1404 4122 potuissent
1422 4053 1492 4108 satis

330 4149 439 4191 crassae
454 4135 566 4193 arbores
583 4135 778 4194 invenirentur.
