3170 4984
323 377 384 436 296
755 375 958 432 Maximilianus
976 377 1055 432 Thiel
1136 413 1140 422 ,
1174 454 1176 460 y

323 570 419 635 posse
448 569 531 633 quae
560 549 648 634 apud
678 549 882 616 Athenaeum
912 547 1146 617 desiderantur.
1192 547 1258 614 Sed
1282 567 1338 628 en,
1369 549 1486 618 eadem

322 652 438 720 eodem
453 651 526 718 loeo
549 652 667 719 lacuna
689 653 786 718 ctiam
809 650 898 736 apud
913 650 1111 718 Vitruvium!
1134 671 1174 717 ac
1196 656 1285 735 patet
1308 649 1394 719 huno
1417 654 1488 735 qui-

321 754 396 821 dem
412 754 561 820 lacunam
578 755 611 820 in
626 755 715 821 fonte
731 771 804 820 esse
819 753 1044 837 perspexisse;
1067 773 1143 818 nam
1158 753 1261 818 verba
1276 752 1335 819 illa
1346 747 1487 838 εγράφει

321 856 401 940 γοῦν
422 851 482 938 την
504 851 710 940 κατασκευὴν
735 845 838 918 αὐτοῦ
861 845 980 929 οὕτως’
1007 854 1168 921 eiusmodi
1190 855 1288 920 vertit
1313 850 1488 932 (se‘cuius

321 959 463 1026 rationes
479 957 627 1036 (Diades)
642 955 779 1041 scriptas
802 947 973 1040 reliquit'),
997 963 1032 1022 ut
1054 957 1082 1023 si
1105 957 1211 1023 solum
1233 956 1419 1022 Vitruvium
1442 957 1486 1023 le·

321 1079 400 1142 gas,
441 1065 556 1141 sponte
601 1078 674 1125 eum
713 1065 807 1141 putes
844 1078 941 1142 quam
975 1060 1047 1142 ipse
1080 1058 1197 1140 legerit
1231 1057 1487 1144 descriptionem

323 1161 590 1246 praetermisisse.
637 1161 725 1243 Ergo
739 1159 937 1243 Athenaeus,
962 1181 1036 1227 eum
1051 1161 1118 1226 iam
1134 1180 1198 1226 non
1211 1160 1311 1227 liceat
1333 1161 1486 1228 lacunam

322 1263 355 1328 in
378 1263 447 1329 eius
469 1262 581 1328 libello
597 1263 687 1329 casui
710 1263 851 1329 tribuere
876 1297 914 1308 —
938 1263 973 1328 id
997 1261 1085 1347 quod
1107 1263 1235 1344 liceret,
1267 1263 1295 1328 si
1317 1262 1487 1330 Vitruvius

321 1363 484 1431 hausisset
506 1383 547 1430 ex
569 1363 738 1430 Athenaeo
762 1397 800 1408 -
825 1364 909 1431 adeo
932 1364 1096 1447 dormivit,
1119 1370 1218 1430 utne
1240 1365 1394 1430 lacunam
1418 1367 1486 1449 qui·

321 1466 395 1532 dem
425 1472 490 1532 tam
519 1473 667 1549 apertam
689 1465 972 1532 animadverteret.
1018 1466 1147 1532 Atiam
1170 1467 1332 1548 refugium
1355 1466 1487 1534 videtur

321 1575 449 1652 patere:
471 1588 547 1634 nam
564 1588 636 1635 oum
652 1569 686 1632 in
698 1566 866 1634 Wesoheri
882 1561 1026 1634 editione
1041 1575 1116 1651 post
1137 1569 1240 1634 verba
1258 1562 1399 1654 ’γράφει
1411 1617 1421 1632 .
1435 1619 1443 1632 .
1457 1618 1488 1634 ..

321 1661 440 1746 οὕτως’
465 1669 569 1754 figura
592 1675 760 1752 sequatur,
783 1668 904 1734 dixerit
926 1669 1105 1753 quispiam,
1128 1669 1172 1736 ad
1194 1669 1278 1738 hanc
1301 1671 1406 1736 verba
1429 1671 1489 1737 illa

320 1779 476 1858 spectare.
507 1772 622 1855 Neque
637 1791 700 1854 quo
716 1769 778 1837 hoc
792 1771 898 1836 minus
910 1771 1084 1853 probemus
1101 1772 1147 1837 ita
1162 1772 1298 1837 multum
1321 1771 1488 1856 prohihet,

321 1875 409 1959 quod
424 1893 488 1957 quo
503 1893 567 1940 uno
582 1872 703 1938 hadita
719 1878 768 1939 est
782 1872 865 1939 libro
888 1892 945 1939 ms.
970 1871 1076 1954 figura
1097 1893 1162 1939 non
1185 1879 1292 1940 exstat
1313 1883 1390 1958 post
1414 1877 1488 1958 ipsa

322 1977 425 2043 verba
452 1975 601 2057 laudata,
632 1975 691 2041 sed
719 1979 794 2057 post
822 1974 924 2039 verba
949 1966 1172 2058 ‘necroctpov
1202 1967 1303 2061 οὔσης
1326 1968 1484 2062 ἕκάστης’

322 2078 383 2154 (W.
396 2097 428 2161 p.
444 2075 790 2159 11,18.cod.Vind0b.
806 2072 869 2157 (Ρ)
884 2074 939 2140 fol.
957 2077 996 2139 28
1013 2097 1043 2142 v.
1060 2083 1135 2159 post
1149 2077 1269 2142 lineam
1284 2077 1349 2162 XI;
1366 2078 1488 2146 deinde

322 2185 497 2263 sequuntur
512 2179 545 2244 in
562 2177 677 2244 eadem
692 2178 813 2261 pagina
828 2195 941 2242 versus
957 2177 1017 2252 IX)
1031 2178 1069 2255 1);
1093 2178 1146 2244 hic
1161 2179 1247 2244 enim
1263 2181 1364 2246 etiam
1380 2182 1487 2248 minus

322 2287 433 2365 aptum
449 2279 572 2346 obtinet
589 2280 713 2362 locrm3
735 2298 841 2362 neque
864 2284 971 2361 potest
993 2281 1107 2362 negari
1129 2299 1169 2346 ea
1191 2282 1302 2349 arietis
1325 2284 1488 2350 subrotati

321 2384 497 2466 imaginem
512 2382 662 2465 quamvis
676 2401 741 2448 non
756 2385 942 2447 accuratam
957 2381 1195 2464 propemodum
1214 2389 1321 2450 tamen
1345 2383 1486 2452 similem

321 2484 484 2568 depictam
514 2503 596 2551 esse.
642 2483 727 2548 Nam
756 2483 915 2550 consentit
940 2483 975 2546 in
998 2483 1184 2550 universum
1206 2484 1310 2568 figura
1333 2505 1408 2552 cum
1432 2486 1488 2553 de·

322 2587 499 2670 scriptione
514 2585 661 2652 tenebrae
677 2583 806 2658 (Athen.
823 2605 855 2668 p.
875 2586 938 2666 11),
962 2603 1058 2666 quam
1073 2584 1258 2653 machinam
1274 2588 1372 2655 docet
1386 2587 1489 2656 Athe-

322 2707 422 2754 naeus
436 2682 518 2754 ‘tota
533 2687 769 2754 constructione
785 2687 934 2753 similiter
952 2690 1051 2768 atquc
1073 2688 1184 2754 arietis
1208 2690 1263 2766 (sc.
1280 2689 1453 2769 subrotati)
1463 2694 1487 2767 ²)

320 2809 356 2858 se
385 2790 524 2856 habente
553 2780 650 2855 fieri’.
696 2787 789 2854 Hanc
818 2789 902 2854 enim
932 2788 1036 2854 solam
1066 2790 1217 2856 existimo
1248 2809 1361 2857 veram
1389 2793 1486 2859 inter·

320 2893 534 2976 pretationem
549 2891 722 2956 verborum
735 2883 786 2953 ‘vd
805 2887 842 2953 δὲ
857 2890 1028 2973 τρύπανον
1044 2888 1199 2976 (χελώνην
1214 2889 1275 2973 μὲν
1295 2889 1357 2976 τὴν
1383 2885 1487 2979 αὐτὴν

319 2995 369 3077 τῷ
398 2995 491 3077 κριηῖ)
524 2989 687 3074 λαμβάνει
718 2988 754 3054 δὲ
787 2992 844 3056 καὶ
878 2993 993 3056 πᾶσαν
1024 2988 1084 3076 την
1116 2990 1322 3079 κατασκευὴν
1357 2988 1488 3076 ὁμοίως

322 3087 488 3179 ἐ’χουσανζ
518 3094 717 3162 reioiendam
746 3112 823 3160 vero
853 3112 948 3177 quarn
972 3093 1153 3162 Roohasius
1181 3097 1316 3179 praebet
1342 3101 1387 3181 (p.
1412 3101 1488 3176 786)

318 3191 363 3264 ‘le
392 3198 519 3280 trepain
549 3203 715 3280 comporte
737 3215 801 3261 une
823 3201 928 3261 tortue
951 3196 1088 3278 parcille
1110 3201 1131 3262 a
1153 3198 1235 3264 celle
1259 3197 1303 3264 du
1325 3199 1433 3265 helier
1455 3207 1489 3266 et

320 3298 416 3365 d'une
446 3300 664 3366 construction
693 3304 781 3364 toute
812 3287 1024 3364 semblable':
1054 3300 1148 3380 quasi
1170 3297 1358 3367 Athenaeus
1385 3304 1486 3386 scrip·

321 3402 416 3468 sisset
441 3393 493 3465 ‘ch
525 3397 561 3463 δὲ
589 3397 761 3483 τρύπανον
786 3396 933 3484 χελώνην
961 3399 1094 3476 (omissa
1123 3402 1285 3483 particula
1312 3405 1388 3484 μέν)
1427 3400 1488 3492 τὴν

322 3494 423 3585 αὐτὴν
454 3504 502 3585 up]
530 3503 613 3586 κριηῖ
643 3498 807 3584 λαμβάνει
836 3503 968 3577 (omissa
997 3503 1158 3584 particula
1194 3501 1242 3581 δὲ)
1277 3505 1334 3570 καλ
1368 3507 1487 3571 πᾶσαν

319 3600 380 3690 τὴν
401 3601 607 3687 κατασκευὴν
629 3599 758 3686 ὁμοίως
781 3594 949 3684 ἐ’χονσαν’.
995 3605 1043 3670 Aa
1072 3603 1120 3670 sic
1142 3622 1271 3688 quoque
1294 3626 1376 3690 opus
1400 3616 1488 3676 osset

320 3707 542 3772 accusativum
569 3705 661 3771 illum
684 3706 856 3772 verborum
875 3699 1005 3769 ‘octoas
1027 3700 1087 3788 τὴν
1109 3700 1331 3792 κατασκευὴν
1357 3729 1486 3778 sumere

408 3875 432 3936 1)
443 3870 782 3928 Wachsmuthiiheneficio
795 3872 850 3940 ipsi
858 3871 924 3925 mihi
936 3871 1012 3926 facta
1022 3877 1064 3927 est
1073 3873 1191 3928 facultas
1201 3873 1303 3928 codicis
1312 3874 1485 3944 inspiciendi.

406 3960 432 4022 2)
450 3956 540 4011 Etiam
552 3972 580 4026 p.
593 3961 634 4022 12,
648 3960 677 4010 12
690 3950 745 4012 τὸν
756 3949 972 4028 ὑπότροχον
983 3953 1069 4030 κριόν
1081 3957 1136 4012 dici
1147 3974 1198 4028 pro
1212 3962 1288 4014 certo
1300 3959 1403 4016 haheo:
1421 3975 1485 4015 nam

320 4042 365 4096 hic
383 4042 459 4097 solus
477 4045 559 4096 antea
577 4042 649 4096 inter
667 4041 762 4096 Diadis
780 4043 921 4098 machinas
941 4046 1166 4100 commemoratus
1185 4047 1239 4114 est;
1259 4043 1294 4100 ci.
1313 4045 1397 4100 etiam
1415 4061 1485 4115 quac

319 4127 392 4181 inira
409 4143 437 4196 p.
457 4130 507 4182 299
527 4127 667 4182 disseram.
