3270 4968
440 358 482 413 De
500 357 622 416 codicum
639 359 838 415 lanerateorum
855 358 1029 414 auctoritate.
1270 359 1309 418 41

158 533 310 599 orationis
326 533 403 600 VIII
420 535 490 617 136,
513 533 568 600 ubi
585 538 623 596 A
637 553 684 617 pr.
701 554 773 600 eum
789 533 846 596 A‘l
867 529 905 595 τὸ
928 531 1033 616 μηδὲν
1050 531 1201 618 habebat,
1225 534 1310 619 qued

158 640 378 703 aeorreetere
404 642 418 701 1
443 637 476 702 in
497 640 545 720 τῷ
567 633 671 719 μηδὲν
695 635 828 716 (3611)
848 640 1005 703 mutatum
1027 642 1085 703 est.

243 754 320 821 Mox
349 755 431 821 alter
460 760 620 822 eerreeter
650 756 703 838 (2),
738 774 832 837 quem
861 755 1080 823 Buermannus
1108 776 1180 823 eam
1208 757 1311 841 primo

158 855 311 939 eonlndit,
334 857 367 921 in
389 856 533 924 codicem
555 857 732 941 inquIsivit,
755 857 810 940 qui
833 857 994 924 scribendi
1009 859 1134 926 ratione
1149 880 1213 927 nen
1228 859 1311 926 adeo

158 960 298 1043 diversa,
321 958 381 1028 sed
402 957 517 1025 litteris
539 959 643 1026 minus
665 957 766 1025 firmis
788 965 821 1026 et
836 959 1073 1044 quodammodo
1091 961 1221 1030 Incertis
1236 982 1312 1030 usus

159 1067 217 1129 est.
261 1060 324 1140 Qui
340 1060 540 1128 hauddubie
556 1079 595 1128 eo
617 1062 767 1146 exemplo
790 1062 888 1144 nisae,
912 1062 998 1146 quod
1016 1062 1165 1130 librarius
1181 1083 1312 1148 usurpa·

158 1171 259 1249 verat,
286 1163 319 1230 id
342 1164 544 1249 petisnmam
566 1163 642 1246 egit,
670 1169 705 1229 nt
733 1163 834 1230 verba
864 1183 970 1230 errore
1000 1165 1119 1233 omissa
1147 1165 1312 1250 suppleret

157 1265 208 1334 his
230 1267 325 1334 loeis:

243 1370 289 1436 VI
318 1368 421 1448 33134.
455 1366 589 1448 νομίζω.
620 1367 757 1452 λέγουσι
790 1365 827 1432 δὲ
858 1367 891 1432 οἱ
921 1367 1206 1452 συμβουλεύοντες
1233 1364 1312 1455 ἡμῖν

157 1476 342 1538 ποιεῖσθαι
363 1475 495 1556 prepter
516 1469 676 1536 homeeet.
698 1476 772 1556 post
795 1467 956 1556 εἰρῆσθαι
972 1491 1034 1540 em.
1052 1478 1090 1535 A
1105 1492 1169 1555 pat
1192 1472 1225 1538 in
1247 1493 1311 1556 mg.

157 1574 232 1640 add.
255 1577 275 1638 2
299 1577 352 1653 (44
375 1574 501 1640 litterae
516 1577 590 1637 ==1
617 1577 752 1651 versus).

243 1693 319 1759 VIII
345 1694 488 1771 1351136.
517 1686 652 1768 ἑκόντες
674 1712 775 1775 usque
805 1693 847 1759 ad
877 1690 1069 1776 εἰρημένοις
1097 1700 1228 1778 propter
1256 1693 1311 1760 ho·

158 1801 272 1864 moeot.
296 1803 369 1879 poet
397 1795 625 1878 διακειμένοις
654 1815 715 1862 em.
737 1799 776 1858 A
797 1815 862 1878 pn:
892 1785 1027 1871 ἑκόντες
1050 1792 1110 1872 τὰς
1132 1791 1312 1880 ἡγεμονίας

158 1899 214 1964 καὶ
238 1905 329 1985 σφᾶς
352 1891 473 1974 αὐτοὺς
494 1893 680 1964 ένδιδόασι.
704 1886 744 1982 ἢν
761 1880 820 1962 οὖν
836 1894 1015 1983 ίμμείνητε
1031 1907 1105 1974 τοῖς
1121 1896 1313 1982 εἰρημένοις

158 2002 191 2067 in
214 2023 277 2085 mg.
300 2001 375 2068 add.
399 2005 418 2066 2
441 2004 493 2079 (69
515 2001 679 2078 litteraei).

243 2122 323 2188 XIII
346 2125 374 2188 3.
399 2121 456 2186 καὶ
479 2118 536 2186 διὰ
557 2117 679 2206 ταύτης
701 2123 762 2204 τῆς
785 2115 971 2205 ἐπιστήμης
994 2111 1191 2200 εὐδαίμονες
1219 2119 1311 2207 γενή-

158 2246 275 2291 σονται
298 2229 439 2311 (propter
468 2223 629 2290 homoeet.
660 2227 734 2307 pont
763 2218 937 2288 sinonem?
966 2223 1005 2290 ef.
1029 2226 1069 2298 Il
1097 2243 1159 2289 em.
1182 2229 1220 2286 A
1248 2244 1311 2307 pn:

157 2328 190 2393 in
212 2349 276 2411 mg.
300 2327 374 2394 add.
398 2328 417 2389 2
440 2329 493 2406 (44
515 2326 642 2392 litterae
656 2329 731 2388 =1
756 2325 890 2402 vernus).

243 2446 320 2512 XIV
342 2449 392 2511 61.
415 2441 502 2532 ἡμᾶς
526 2443 562 2510 δὲ
585 2441 664 2520 τοὺς
686 2435 772 2527 ὑπὲρ
793 2449 854 2530 τῆς
870 2441 1070 2527 ἐλευθερίας
1087 2465 1313 2527 συναγωνισα-

157 2554 280 2632 μένους
301 2555 432 2634 prepter
454 2547 614 2616 homoeot.
637 2552 711 2632 post
733 2549 1006 2628 καθισταμένους
1036 2567 1098 2613 om.
1122 2552 1161 2610 A
1182 2568 1246 2632 pn:
1279 2549 1313 2614 in

157 2674 221 2736 mg.
244 2651 319 2718 add.
343 2655 362 2714 2
386 2653 438 2729 (43
460 2650 587 2717 litterae
603 2655 674 2712 =1
701 2651 835 2727 versus).

243 2774 271 2840 V
297 2777 344 2838 17.
368 2769 428 2838 inl
451 2768 591 2856 πράξεις
613 2771 647 2836 in
662 2769 725 2838 fine
740 2771 879 2856 paginae
895 2790 956 2838 om.
973 2776 1012 2835 A
1027 2790 1091 2855 pn:
1114 2769 1146 2836 in
1161 2771 1313 2839 inferiore

156 2900 219 2963 mg.
242 2876 317 2943 add.
340 2879 370 2940 2.

243 2979 423 3045 Varietates
446 2996 583 3060 queque,
607 2996 690 3060 quae
713 2976 747 3040 in
770 2975 893 3042 eodieis
915 2981 954 3039 A
976 2973 1153 3060 archetypo
1175 2975 1208 3042 in
1231 2998 1311 3044 mar·

157 3084 232 3168 gine
254 3084 390 3149 fortasse
412 3084 540 3146 notatae
564 3083 664 3162 erant,
687 3076 870 3162 adseripsit,
893 3083 942 3144 ut:

243 3202 320 3268 VIII
352 3203 402 3265 62.
436 3196 749 3277 ἐπικεκαλλυμένως
777 3204 817 3261 A
844 3218 903 3282 pr.,
935 3221 1003 3262 υττο
1033 3198 1067 3262 in
1100 3219 1161 3280 mg.
1193 3197 1313 3264 adan

157 3298 495 3384 (ἄποκειιαλυμμένως
510 3307 560 3381 Γ).
596 3302 645 3365 72.
660 3298 857 3376 δυναστείας
871 3305 908 3364 A
918 3321 966 3385 pr.
985 3297 1157 3382 (δυνάμεις
1168 3321 1247 3368 corr.
1264 3303 1311 3379 3):

159 3407 311 3482 διανοίας
334 3406 367 3470 in
389 3425 453 3488 mg.
475 3404 550 3470 add.
575 3407 702 3482 2=,1“.

244 3510 416 3575 Praeterea
437 3508 471 3573 ln
492 3505 611 3574 menda
638 3506 762 3572 librarii
791 3505 996 3589 neglegentia
1025 3503 1142 3572 effoeta
1169 3505 1313 3573 tollenda

157 3612 305 3693 intendit,
336 3609 422 3694 quod
444 3611 606 3677 nonnullis
630 3607 788 3692 exemplis
812 3628 854 3674 ex
882 3606 1025 3674 oratione
1047 3607 1111 3684 „de
1133 3613 1235 3693 paee“
1257 3630 1312 3693 pe·

156 3717 224 3782 titis
245 3715 360 3799 probe:

242 3815 319 3882 VIII
343 3819 392 3880 13.
415 3810 501 3896 ὑπὲρ
523 3820 584 3900 τῆς
606 3811 738 3890 πόλεως
763 3819 801 3878 A
822 3835 870 3898 pr.
893 3814 947 3890 (=
962 3818 993 3877 Γ
995 3819 1019 3890 l:
1045 3819 1111 3878 τῶν
1134 3834 1159 3880 s.
1182 3835 1213 3880 v.
1236 3814 1312 3881 add.

158 3925 178 3985 2
194 3947 235 3972 =
250 3922 296 3983 Π.
341 3921 392 3982 21.
415 3920 628 4002 μινυομένηνε
649 3921 837 4000 γενομένων
854 3921 892 3979 Λ
906 3936 965 4000 pr.,
987 3919 1169 4002 γενομένην
1187 3937 1266 3985 eorr.
1283 3922 1312 3984 2.

160 4027 210 4088 75.
234 4019 367 4102 βελτίον
389 4025 428 4083 A
449 4040 508 4104 pr.,
541 4018 683 4101 βελτίων
706 4039 786 4087 eorr.
810 4023 840 4084 2.
885 4023 935 4086 95.
959 4017 1081 4084 πολλοὶ
1108 4015 1170 4102 γὰρ
1193 4025 1232 4083 A
1254 4041 1312 4104 pr.,

157 4121 245 4188 πολὺ
267 4119 329 4206 μὰρ
353 4142 431 4188 eerr.
456 4125 485 4187 2.
533 4126 602 4189 106.
625 4118 818 4205 ἐμάνθανεν
841 4127 880 4185 A
901 4143 961 4207 pr.,
984 4118 1170 4188 ἐλάνθανεν
1186 4142 1265 4188 eerr.
1283 4125 1312 4188 2.
