3198 4974
274 387 317 443 De
334 387 457 444 lontibus
475 387 601 458 Dionysii
618 387 868 444 Halieumassensis
886 388 1059 458 quaestiones
1076 389 1176 444 uanae.
1248 389 1310 450 175

145 563 240 628 Hane
267 563 368 646 igitur
389 561 567 628 orationem
592 581 648 628 our
676 566 804 627 totam
826 581 848 627 a
868 560 996 630 Lioinio
1018 563 1219 648 abiudieem‚
1247 583 1310 632 non

145 664 260 732 habeo.
268 666 289 741 ¹)

230 765 281 832 nt
302 784 534 832 unamsane
556 766 918 850 partemreperies
941 765 1005 834 his
1027 769 1066 833 in
1081 769 1310 852 capitibus,

144 865 611 952 quamequidemneque
634 866 981 952 aLioinioneque
997 869 1046 935 ab
1068 870 1309 938 ulloRoma·

144 989 283 1036 norum
312 969 521 1054 scriptore
549 969 673 1035 talem
701 969 867 1052 saltem,
897 971 1060 1054 qualem
1082 971 1310 1056 Dionysius

143 1070 299 1154 reddit,
322 1069 552 1138 exhibitam
574 1070 922 1156 existimaverim,
945 1073 1068 1157 quippe
1091 1092 1175 1156 quae
1189 1094 1309 1159 nequa-

144 1192 243 1256 quam
264 1173 411 1240 Romana
434 1179 466 1240 et
488 1173 567 1240 satis
588 1173 700 1256 inepta
729 1174 786 1240 sit:
815 1175 890 1242 dieo
912 1176 1128 1242 narrationem
1150 1175 1193 1242 de
1215 1175 1310 1259 dolis,

142 1273 261 1358 quibus
281 1281 412 1343 senatus
426 1281 594 1343 asseoutus
616 1275 667 1358 sit,
690 1279 726 1339 ut
747 1293 811 1340 non
826 1273 980 1357 Cloelius,
1003 1275 1063 1342 sed
1077 1276 1221 1362 Larcius,
1245 1281 1309 1346 ool·

143 1377 220 1460 lega
241 1377 322 1461 eius,
345 1377 485 1445 diotator
506 1377 667 1444 diooretur
689 1374 778 1460 (inde
793 1365 861 1442 a'V
877 1379 939 1454 71).
976 1378 1051 1462 lpse
1073 1379 1189 1447 audias
1211 1381 1310 1447 velim

143 1498 212 1546 rem
233 1480 347 1563 paneis
370 1477 651 1564 eomprehensam:
680 1479 832 1545 eosvenit
859 1479 943 1546 inter
972 1487 1137 1549 senatores
1159 1482 1309 1550 Laroiom

100 1579 107 1589 '
144 1580 318 1648 dioendum
341 1599 430 1663 esse,
458 1580 584 1664 pudore
605 1587 715 1647 autem
743 1579 885 1663 quodam
909 1589 942 1648 et
970 1589 1056 1654 metu
1079 1584 1309 1670 impediuntur,

142 1701 185 1749 ne
207 1682 417 1768 repudiantes
439 1681 598 1750 Gloelium
621 1681 754 1748 laedant
775 1682 830 1748 vel
852 1682 950 1750 etiam
972 1684 1123 1768 incitent,
1146 1692 1182 1752 ut
1203 1687 1309 1771 plebis

142 1789 253 1868 partes
274 1785 417 1868 apertius
433 1783 612 1868 fortiusque
628 1783 746 1869 capiat.
782 1784 866 1851 Tum
882 1787 1041 1854 maximus
1060 1794 1138 1854 natu
1154 1794 1186 1854 et
1200 1795 1311 1856 auoto-

142 1887 238 1954 ritate
251 1886 1309 1973 exoellentissimusinterconsulares-attendasquaesonomen

142 1988 267 2054 nullum
281 1985 404 2055 adferri
418 2022 461 2034 -
477 1989 655 2054 orationem
670 1988 704 2052 in
719 1995 833 2055 senatu
848 1991 1033 2058 oonsulibus
1049 1991 1201 2058 nimirum
1215 2013 1308 2077 prae·

142 2091 287 2158 sentibus
310 2089 434 2158 hahens
456 2090 616 2158 nihildum
638 2089 804 2158 deoretum
821 2110 892 2158 esse
915 2092 1046 2160 simulat
1060 2095 1249 2180 suadetque,
1273 2103 1309 2163 ut

141 2191 225 2258 alter
247 2192 414 2259 eonsulum
436 2199 494 2260 aut
515 2198 600 2260 sorte
622 2201 679 2259 aut
701 2193 829 2276 collega
843 2191 979 2261 sedente
1002 2196 1150 2278 eligatur.
1188 2196 1307 2264 Omnes

140 2312 260 2378 nempe
289 2293 372 2362 hane
401 2295 593 2362 sententiam
617 2294 814 2362 collaudant.
858 2293 969 2379 Surgit
990 2317 1068 2364 vero
1096 2300 1244 2366 alius-
1267 2319 1309 2366 ne

141 2395 237 2464 huius
259 2396 391 2480 quidem
413 2417 532 2464 nomen
553 2395 754 2462 adfertur-
769 2402 802 2462 et
824 2415 956 2463 eensere
978 2418 1014 2466 se
1029 2400 1110 2467 dieit
1124 2401 1218 2466 alteri
1234 2420 1308 2467 oon·

142 2498 248 2564 sulum
263 2499 580 2575 essemandandum,
601 2504 637 2564 ut
652 2499 811 2582 collegam
826 2499 1017 2568 dietatorem
1033 2501 1135 2586 dieat;
1158 2502 1206 2568 sie
1222 2504 1307 2568 enim

140 2618 247 2683 aequo
270 2635 312 2646 —
334 2601 369 2668 id
391 2600 480 2685 quod
508 2620 586 2668 sane
615 2600 750 2668 diffieile
779 2605 828 2668 est
858 2602 1023 2670 intelleotn
1045 2635 1089 2648 -
1117 2602 1239 2672 honore
1268 2624 1308 2672 ae

141 2701 263 2785 gaudio
285 2709 456 2788 utrumque
478 2699 649 2768 fruiturum
671 2722 754 2770 esse.
796 2703 868 2770 Hoo
890 2724 1019 2789 quoque
1042 2724 1114 2772 eum
1136 2707 1306 2790 plaouerit,

140 2809 246 2872 ratum
267 2803 313 2889 fit,
335 2811 372 2873 ut
392 2805 474 2889 ipsis
497 2805 683 2872 oonsulibus
705 2806 788 2872 inter
810 2826 846 2873 se
868 2809 1057 2890 conveniat,
1080 2815 1151 2875 uter
1172 2811 1236 2876 utri
1258 2810 1307 2876 di-

140 2907 262 2975 cendus
284 2909 336 2975 sit.
373 2906 517 2989 Atquin
539 2905 686 2973 iamfit?
725 2906 930 3000 &evadendo
952 2933 986 2974 τι
1000 2911 1058 2976 καὶ
1072 2908 1167 2995 παρὰ
1191 2911 1306 2990 πάσας

140 3005 202 3086 τὰς
231 3003 455 3094 ἀνθρωπίνας
481 3001 675 3096 ὑπολήψεις
704 3011 843 3094 πρᾶγμα
872 3007 1030 3076 tuotone.-
1057 3013 1141 3080 alter
1168 3016 1305 3082 alterum

140 3111 338 3178 vererundia
359 3131 399 3178 ae
426 3110 589 3178 modestia
616 3119 859 3195 praesumentes
884 3133 1037 3198 magnam
1066 3118 1193 3182 senatui
1221 3117 1306 3183 diffi-

140 3213 293 3280 oultatem
316 3210 475 3296 adferunt,
497 3213 660 3297 quomodo
681 3233 735 3281 res
756 3213 958 3284 absolvenda
979 3218 1030 3282 sit.
1067 3217 1217 3302 Denique
1233 3237 1305 3286 eum

140 3314 199 3382 diu
224 3313 358 3382 Latoius
391 3311 508 3380 hustra
541 3315 626 3382 olam
658 3337 680 3383 a
707 3317 909 3384 senatoribus
943 3320 1086 3386 maxime
1114 3321 1305 3387 austeritate

139 3415 322 3483 valentibus
351 3421 483 3499 rogatus
509 3417 567 3500 sit,
597 3423 633 3484 ut
660 3419 792 3485 tandem
821 3437 856 3486 se
885 3439 908 3485 a
932 3421 1061 3502 eollega
1083 3420 1149 3487 diei
1174 3422 1305 3507 sineret,

140 3517 284 3586 Cloelius
307 3537 416 3585 eoram
438 3524 551 3584 senatu
575 3537 616 3586 eo
638 3519 727 3588 dieto
748 3523 917 3588 oonsulatu
939 3540 975 3588 se
996 3521 1136 3589 abdicat

226 3617 314 3698 Quas
336 3619 475 3704 ineptias
497 3639 562 3686 non
584 3621 748 3688 Romanas
770 3641 842 3690 esse
865 3623 940 3707 plus
961 3643 1026 3690 uno
1048 3625 1169 3692 indioio
1187 3645 1305 3710 eogno-

139 3721 250 3790 soitnr.
286 3721 336 3788 Ao
350 3721 489 3804 primum
503 3721 645 3806 quidem,
669 3724 703 3789 id
718 3723 808 3808 quod
824 3725 889 3790 iam
903 3724 1120 3793 Mommsenus
1130 3729 1154 3802 ²)
1169 3729 1304 3813 monuit,

138 3821 390 3907 haudquaquam
412 3823 568 3890 credibile
591 3831 658 3907 est,
681 3825 869 3907 Romanum
892 3826 994 3892 ullum
1023 3829 1214 3913 seriptorem
1236 3836 1304 3896 tam

228 3976 253 4040 ι)
269 3971 430 4028 Notandum
448 3977 489 4028 est
500 3987 518 4026 a
530 3971 643 4029 Viroldo
662 3973 690 4041 (l.
703 3973 722 4030 l.
740 3991 769 4045 p.
782 3977 825 4041 tl)
843 3977 929 4029 totam
946 3975 1018 4031 hano
1031 3977 1182 4033 orationem
1193 3979 1304 4034 Valerio

138 4056 247 4114 Antiati
263 4055 348 4112 tribui
366 4087 399 4096 —
416 4057 524 4125 iniuria,
543 4061 575 4112 ut
592 4058 715 4129 equidem
732 4059 893 4128 putaverim.
930 4058 984 4115 Sed
1001 4060 1061 4117 ride
1083 4061 1156 4117 inira
1173 4067 1259 4132 eaput
1270 4064 1303 4118 V.

225 4145 251 4210 ι)
265 4141 356 4198 ‘Rom
375 4136 501 4198 sarar!
518 4141 545 4196 11
564 4147 621 4197 ree.
