3170 4984
111 1359 167 1404 εω.
181 1372 203 1415 p.
218 1360 261 1410 κε
272 1370 319 1414 sqq.
405 1333 711 1428 <Ἁναγκαιότοτον
726 1339 787 1423 μὲν
810 1323 870 1406 οὖν
893 1331 1125 1428 ἀποφαίνεται
1140 1343 1195 1420 (σο.
1206 1331 1478 1427 Ἀγησίστρατος)

320 1439 408 1512 εἶναι
423 1440 602 1538 ἐμπειρίαν
624 1444 786 1527 γραμμῶν
802 1440 904 1524 ἔχειν·
928 1439 1016 1508 οὕτω
1037 1439 1101 1526 γάρ
1116 1439 1159 1507 τὰ
1174 1439 1263 1528 πρὸς
1282 1442 1479 1527 πολιορκίαν
1540 1451 1542 1540 η

320 1543 571 1632 συστησάμενον
593 1535 711 1630 ὀρθῶς
726 1536 1037 1632 άντιμηχανοῖσθαι,
1061 1541 1166 1610 πάλιν
1187 1545 1244 1611 καλ
1267 1541 1358 1629 πρὸς
1379 1546 1479 1609 ταῦτα

321 1640 521 1722 ἀκολούθως
556 1643 598 1712 τά
632 1643 722 1730 πρὸς
749 1646 950 1731 πολιορκίαν
983 1643 1247 1734 μηχανήσασθαι
1279 1649 1334 1727 (σα
1369 1639 1480 1731 ὀρθῶς
1543 1654 1544 1736 η

320 1750 551 1836 μηχανᾶσθαι,
566 1746 672 1814 πάλιν
686 1749 744 1815 καὶ
759 1744 847 1832 πρὸς
868 1749 975 1813 ταῦτα
998 1739 1197 1825 άκολοόθως
1219 1741 1478 1837 άντιμηχανήσο-
1544 1754 1545 1830 λ

321 1849 457 1934 σθαιῖ).
485 1850 593 1916 Τοῦτο
610 1851 727 1931 μέντοι
745 1845 804 1915 οὐκ
815 1837 856 1914 άν
868 1847 995 1936 ῥᾳδίως
1010 1846 1082 1916 ἐστὶ
1096 1847 1156 1915 τὸν
1170 1848 1313 1932 τυχόντα
1328 1852 1479 1938 ποιῆσαι,
1545 1854 1546 1918 λ

321 1947 406 2018 ἀλλὰ
435 1950 539 2035 μόνον
567 1949 627 2017 τὸν
653 1951 763 2027 καλῶς
783 1949 944 2034 μαθόντα
965 1947 1026 2039 τὴν
1048 1954 1163 2039 τέχνην
1185 1952 1242 2017 καὶ
1264 1949 1322 2018 διὰ
1345 1951 1480 2019 πάντων
1546 1954 1547 2012 λ

321 2050 404 2122 ὄντα
414 2056 481 2120 τῶν
496 2051 751 2138 ἐπιβαλλόντων
766 2045 851 2140 αὗτῇ
866 2047 1091 2141 μαθημάτων,
1107 2051 1149 2118 τά
1164 2077 1202 2119 τε
1216 2047 1284 2119 ὖπδ
1307 2056 1379 2120 τῶν
1402 2051 1481 2138 πρό·
1547 2056 1548 2118 λ

321 2181 418 2242 τερον
438 2149 568 2241 άνδρῶν
582 2157 791 2241 γεγραμμένα
806 2143 828 2240 ἢ
842 2153 1002 2241 γεγονότα
1019 2154 1108 2241 πρὸς
1121 2156 1181 2243 την
1196 2154 1356 2244 τοιαύτην
1369 2161 1481 2243 χρείαν
1548 2156 1549 2206 λ

321 2257 366 2347 μὴ
405 2261 581 2343 παρέργως
617 2255 882 2345 κατανοήσαντα.
945 2265 1026 2334 Τοῖς
1062 2255 1126 2342 γάρ
1164 2257 1274 2335 καλῶς
1311 2252 1480 2342 εὑρεθεῖσι
1549 2256 1550 2288 ¹

323 2353 488 2438 πολλάκις
508 2364 670 2447 χρηστέον
691 2360 748 2426 καὶ
771 2353 830 2426 οὐκ
852 2357 887 2425 ἔκ
909 2356 1039 2435 παντὸς
1060 2357 1190 2444 τρόπου
1212 2365 1481 2449 καινοτομητέον,

322 2460 380 2530 ἐὰν
399 2461 444 2550 μή
456 2485 546 2540 τινες
554 2459 745 2546 βούλωνται
755 2460 834 2539 τούς
846 2460 985 2538 ἰδιώτας
997 2453 1144 2542 ἅπασάν,
1157 2459 1312 2544 ἑλόμενοι
1322 2460 1362 2528 τὸ
1376 2461 1481 2529 δοκεῖν

321 2566 450 2648 μᾶλλον
472 2567 532 2654 τῆς
547 2557 724 2651 άληθείας.
755 2561 878 2651 [Τοῦτο
895 2563 932 2629 δέ
947 2588 1007 2648 μοι
1022 2564 1132 2640 καλῶς
1147 2561 1286 2651 εἰρηκώς
1301 2562 1481 2651 φαίνουσα]

114 2687 170 2731 κω.
184 2699 206 2742 p.
221 2688 241 2736 9.
252 2687 263 2728 ι
274 2697 320 2740 sqq.
408 2665 514 2752 Κριὸν
525 2667 587 2750 μὲν
603 2665 748 2754 ἔφασκεν
764 2661 947 2754 εὑρεθῆναι
961 2663 1155 2751 πρώτιστον
1169 2660 1237 2732 ὑπὸ
1245 2665 1483 2754 Καρχηδονίων

323 2765 357 2834 ἔν
378 2770 421 2855 τῇ
442 2768 522 2852 περὶ
546 2763 695 2855 Γάδειρα
718 2770 910 2856 πολιορκίᾳ.

409 2869 583 2957 Χωρίδιον
597 2869 660 2956 γάρ
677 2895 712 2937 τι
727 2872 1145 2956 προκαταλαμβανομένων
1162 2863 1272 2936 αὐτῶν
1286 2872 1344 2937 καὶ
1359 2875 1483 2936 καθαι-

323 2971 471 3057 ρούντων
488 2971 536 3050 εἰς
559 2970 687 3059 ἔδαφος
708 2969 751 3038 τά
774 2977 865 3060 τείχη
891 2977 1083 3048 νεανίσκους
1104 2969 1201 3050 τινάς
1222 2965 1326 3038 οόθέν
1349 2971 1483 3056 ἔχοντος

324 3069 467 3160 άρμενον
484 3073 532 3151 εἰς
547 3072 607 3162 τὴν
622 3071 824 3160 καθαίρεσιν
840 3071 939 3142 δοκὸν
955 3066 1119 3158 λαβόντας
1135 3072 1192 3142 διὰ
1205 3077 1326 3162 χειρῶν

531 3174 671 3244 ἔνσείειυ
694 3175 742 3254 εἰς
770 3175 808 3243 τὸ
831 3189 941 3258 τεῖχος

1066 3280 1122 3344 καὶ
1146 3277 1273 3365 ῥᾳδίως
1295 3275 1353 3345 ἐπὶ
1379 3276 1483 3344 πολδν

324 3381 432 3448 τόπον
453 3381 623 3446 καθελεῖν.

402 3473 519 3548 Ὅθεν
532 3479 675 3548 συνιδὼν
690 3479 729 3548 τὸ
746 3479 923 3566 γενόμενον
938 3479 1061 3565 Τάριός
1075 3505 1128 3558 τις
1143 3479 1323 3569 ναυπηγὸς,
1336 3474 1365 3566 ᾦ
1378 3476 1483 3564 ὄνομα

324 3569 364 3670 ἦν
376 3587 623 3670 Πεφρασμένος
820 3634 830 3664 ,
847 3581 881 3648 ἔν
892 3585 934 3669 τῇ
945 3583 1136 3670 πολιορκίη,
1151 3581 1192 3671 ἣν
1208 3580 1389 3650 ἐποιοῦντο
1400 3578 1483 3667 μετὰ

324 3687 432 3750 ταῦτα
446 3683 534 3771 πρὸς
549 3683 608 3770 τὴν
622 3687 689 3752 τῶν
708 3690 737 3750 Γ
735 3684 912 3769 αδειριτῶν
928 3682 1039 3765 πόλιν,
1061 3683 1156 3752 ἱστὸν
1172 3684 1299 3774 στήσας
1312 3688 1369 3752 καὶ
1385 3681 1484 3750 ἄλλον

326 3779 389 3852 ἀπ’
421 3780 522 3853 αότοῦ
551 3787 696 3874 πλάγιον
724 3781 872 3872 άρτήσας
901 3788 1152 3874 παραπλησίως
1179 3800 1254 3865 ταῖς
1286 3789 1355 3853 τῶν
1385 3786 1484 3872 ζυγῶν

326 3886 492 3975 φάλαγξιν
507 3887 629 3956 ἔτυπτε
643 3887 681 3955 τὸ
694 3901 803 3971 τεῖχος
819 3887 922 3954 ἔλκων
941 3885 978 3964 ἔξ
994 3880 1226 3956 όιντισπάστου
1247 3887 1308 3957 τόν
1330 3882 1483 3974 πλάγιον.

325 3982 506 4075 (Ἀπόρως
529 3989 565 4056 δὲ
587 3994 654 4057 τῶν
677 3989 772 4057 ἔνδον
795 3989 1013 4074 διακειμένων
1036 3988 1153 4057 διὰτὸ
1179 3989 1286 4069 ξεῖνον
1308 3993 1483 4078 τοῦμηχα-

327 4090 496 4181 νηματος>
519 4097 711 4178 συνέβαινεν
735 4084 819 4158 αὐτὰ
843 4097 984 4158 πίπτειν
1006 4096 1142 4174 ταχέως.
