3170 4984
256 395 298 452 De
315 395 435 452 fontibus
453 396 579 468 Dionysii
595 397 845 453 Halicarnassensis
863 397 1036 466 quaestiones
1053 399 1152 456 variae.
1220 401 1286 462 233

126 569 182 637 ubi
205 576 386 654 exspectas,
409 590 474 636 non
496 573 640 639 narravit
662 571 962 650 (ofetiamV115).
999 573 1102 640 Immo
1118 572 1200 641 haec
1214 575 1288 642 Ari-

127 673 270 739 oinorum
293 673 456 739 accusatio
478 671 521 738 ab
544 674 591 740 eis
614 675 711 757 plane
735 674 863 741 videtur
885 674 1070 760 abhorrere,
1093 696 1177 760 quae
1198 676 1288 762 apud

126 775 320 858 Dionysium
343 775 371 840 V
394 778 534 842 34-36
564 775 724 859 leguntur.
769 777 853 842 Nam
883 777 1035 860 quoniam
1057 779 1180 846 Arruns
1209 779 1287 846 Por-

125 896 246 944 sennae
275 875 362 943 filius
390 882 503 944 contra
523 877 673 946 Aricinos
699 878 863 964 profectus
886 897 957 946 esse
979 878 1112 963 dicitur,
1143 883 1287 950 simulat·

126 999 190 1064 qua
212 984 306 1064 pater
328 999 401 1046 oum
425 980 579 1046 Romanis
600 999 717 1064 pacem
739 979 885 1063 fecisset,
909 981 1064 1048 Romanis
1093 1002 1134 1049 ne
1157 984 1288 1051 licuisse

124 1080 257 1165 quidem
281 1087 375 1166 putas
391 1082 543 1149 Etruscos
566 1081 736 1165 impedire,
758 1101 799 1148 no
821 1081 902 1150 fines
919 1083 1082 1150 Romanos
1105 1087 1287 1152 transirent.

125 1181 417 1266 Quantumcunque
440 1184 526 1250 enim
549 1182 705 1265 historici,
728 1185 784 1268 qui
807 1184 972 1268 dicuntur,
995 1186 1132 1252 Romani
1156 1207 1288 1271 operam

124 1285 294 1370 dederunt,
310 1291 346 1351 ut
359 1286 528 1352 infamiam
543 1286 623 1352 belli
635 1287 761 1353 Etrusci
776 1287 913 1370 singulis
928 1287 1122 1370 quibusdam
1133 1291 1288 1373 victoriis,

115 1383 245 1454 fabulis
267 1388 419 1471 gloriosis
448 1389 590 1455 inventis
613 1391 871 1473 exstinguerent,
902 1390 945 1456 ad
968 1389 1003 1455 id
1033 1396 1140 1458 tamen
1168 1411 1210 1458 ne
1238 1391 1288 1457 illi

124 1490 256 1574 quidem
271 1491 396 1574 patriae
412 1509 521 1556 amore
536 1489 669 1557 adducti
684 1492 767 1574 sunt,
783 1498 819 1556 ut
834 1491 988 1558 Romanis
1004 1493 1174 1559 victoriam
1189 1495 1287 1562 totius

121 1593 202 1658 belli
224 1590 347 1658 darent.

210 1693 276 1760 Sed
300 1693 457 1761 obiecerit
472 1694 634 1778 quispiam
653 1695 791 1762 fortasse
813 1695 848 1762 id
864 1697 970 1781 ipsum
985 1698 1155 1764 consilium
1170 1698 1288 1764 Licinii

122 1796 225 1862 Macri
254 1796 370 1878 fuisse,
399 1802 435 1862 ut
455 1796 580 1862 Aricini
610 1797 743 1863 crimine
773 1817 869 1881 quam
899 1799 1102 1882 ineptissimo
1124 1801 1288 1867 Romanos

121 1897 309 1965 viderentur
331 1899 547 1965 accusavisse.
592 1898 664 1966 Hoc
686 1919 764 1966 sane
787 1900 923 1983 cogitari
945 1906 1061 1984 potest.
1099 1901 1166 1968 Sed
1189 1903 1288 1968 etiam

121 2001 151 2067 si
174 1999 209 2065 id
230 2019 394 2081 sumamus
418 2006 450 2066 et
471 2020 640 2086 ponamus,
664 2021 748 2084 quae
762 2001 887 2068 Aricini
909 2003 952 2068 ab
974 2003 1129 2070 Romanis
1144 2004 1288 2072 Etruscis

123 2101 367 2170 subministrata
389 2121 462 2170 esse
484 2103 717 2186 querebantur,
747 2103 789 2169 ab
818 2104 883 2170 illis
909 2124 974 2170 non
997 2125 1056 2172 sna
1078 2112 1193 2191 sponte
1216 2125 1288 2174 esse

123 2203 211 2288 data,
234 2205 294 2272 sed
315 2225 336 2271 a
358 2205 525 2272 Porsenna
546 2205 669 2272 victore
692 2207 869 2291 imperata,
893 2213 1001 2272 tamen
1022 2207 1114 2273 loeus
1136 2208 1287 2275 laudatus

120 2307 187 2389 (61,
204 2309 235 2381 4)
258 2327 323 2372 non
346 2305 484 2390 quadrat
505 2305 549 2373 ad
571 2307 600 2372 V
622 2308 698 2373 libri
720 2309 861 2392 priorem
875 2315 1010 2392 partem,
1032 2309 1146 2376 ubido
1169 2310 1288 2378 talibus

122 2407 368 2475 condicionibus
392 2407 474 2473 nihil
497 2407 617 2492 habes;
647 2415 682 2475 at
704 2411 826 2493 optime
849 2411 997 2492 congruit
1019 2430 1091 2476 cum
1114 2411 1180 2478 alio
1209 2431 1287 2495 quo·

124 2509 202 2575 dam
223 2511 296 2576 loco
318 2511 421 2594 partis
444 2511 531 2576 illius
553 2510 743 2578 Licinianae
766 2513 806 2586 (V
830 2515 979 2589 59-77).

209 2613 337 2678 Etenim
360 2613 474 2678 Dion.
498 2613 527 2678 V
551 2615 638 2695 65,4
664 2604 715 2678 M?
725 2615 746 2692 ¹)
762 2615 927 2698 Valerius,
951 2614 1007 2698 qui
1030 2615 1063 2680 in
1086 2615 1232 2682 oratione
1254 2617 1288 2682 in

120 2721 236 2781 senatu
259 2714 371 2780 habita
393 2714 499 2798 plebis
514 2733 590 2780 aere
606 2734 782 2800 oppressae
804 2723 914 2800 partes
929 2715 1084 2801 defendit,
1107 2717 1190 2784 inter
1212 2739 1288 2785 oon·

120 2815 278 2900 diciones,
301 2835 383 2899 quas
407 2817 448 2882 de
470 2837 553 2901 pace
576 2837 649 2883 cum
666 2819 832 2885 Porsenna
853 2818 1005 2886 facienda
1020 2819 1158 2886 Romani
1180 2821 1286 2888 subie-

119 2919 195 3000 rint,
219 2937 290 2984 eam
314 2937 442 3002 qnoque
458 2925 697 3002 commemorat,
721 2941 762 2988 ex
778 2941 843 3005 qua
865 2921 895 2987 ei
912 2922 1009 2987 etiam
1025 2929 1239 2990 commeatum
1255 2931 1288 2990 et

119 3038 214 3084 arma
236 3019 285 3084 illi
308 3020 457 3086 dederint
480 3019 643 3098 (διδόντες
664 3023 721 3087 καὶ
746 3015 871 3107 ἀγορὰν
898 3023 955 3087 καὶ
977 3013 1070 3087 ὅπλα
1091 3024 1148 3090 καὶ
1169 3008 1286 3106 τᾶλλα,

120 3110 212 3186 ὅσων
236 3117 369 3186 ἐδέοντο
395 3124 560 3209 Τυρρηνοὶ
583 3137 771 3208 παρασχεῖν
794 3124 852 3190 ἐπὶ
874 3126 916 3210 τῇ
938 3123 1117 3192 καταλύσει
1142 3129 1202 3192 τοῦ
1225 3151 1286 3193 rro-

108 3220 249 3304 λέμου).
287 3221 485 3301 Quibuscum
508 3226 573 3294 iam
597 3225 786 3311 Schwegler
808 3220 923 3304 (Rom.
940 3223 1068 3295 Gesoh?
1085 3230 1206 3309 11182)
1230 3251 1286 3316 op

120 3325 202 3392 time
218 3325 343 3392 confert
364 3327 471 3393 locum
487 3327 586 3393 Plinii
608 3351 639 3394 n.
656 3329 686 3395 h.
705 3333 757 3412 34,
776 3333 846 3413 139,
869 3331 925 3398 ubi
941 3330 1086 3397 eiusdem
1104 3333 1197 3416 pacis
1212 3353 1286 3400 oon·

108 3427 210 3494 »dicio
238 3426 372 3510 dicitur,
399 3421 453 3494 ‘ne
481 3431 567 3496 ferro
596 3431 660 3498 nisi
688 3431 721 3496 in
750 3432 947 3515 agricultura
975 3425 1157 3500 uterentur.³
1205 3434 1286 3502 (lum

122 3531 222 3612 igitur
237 3528 299 3596 hoo
315 3529 414 3595 Plinii
429 3531 501 3598 looo
517 3533 706 3599 memoriam
729 3533 890 3616 quandam
902 3537 925 3613 ²)
948 3536 1048 3602 fuisse
1071 3542 1204 3619 constet,
1221 3557 1286 3621 qua

122 3632 262 3698 Romani
284 3652 375 3697 arma
404 3633 533 3699 tradere
558 3634 744 3700 ferebantur
766 3638 870 3702 coacti
893 3655 980 3721 esse,
1010 3640 1068 3704 vix
1097 3640 1285 3721 errabimus,

121 3734 151 3800 si
181 3733 326 3800 eiusdem
355 3735 402 3800 rei
431 3735 605 3818 vestigium
633 3737 667 3801 in
697 3735 848 3822 Dionysii
876 3739 985 3806 verbis
1014 3759 1112 3823 supra
1143 3741 1286 3807 laudatis

210 3904 235 3968 l)
252 3901 294 3956 De
311 3903 485 3970 praenomine
503 3903 564 3958 ride
581 3903 698 3973 append.
717 3905 798 3961 huius
817 3907 882 3962 diss.
900 3907 923 3962 1.

210 3989 235 4046 2)
255 3986 298 4042 cf.
317 3985 426 4040 Urlichs
444 3983 682 4058 ‘Quellenregister
703 4007 738 4045 zu
758 3991 809 4045 den
832 3993 934 4046 letzten
952 3993 1078 4063 Btlchern
1097 3995 1144 4050 deu
1162 3987 1285 4050 Plinius'

121 4071 233 4126 Urlichs
257 4071 303 4125 hic
326 4071 360 4125 de
377 4070 477 4126 Pisone
495 4077 600 4128 tanturn
623 4077 671 4130 aut
690 4076 785 4131 Cassio
803 4076 919 4132 Hemina
937 4077 1018 4132 Plinii
1036 4083 1149 4135 auctore
1172 4080 1285 4148 cogitari

122 4171 204 4226 porse
222 4156 296 4223 dicit,
315 4155 388 4210 hunc
406 4162 497 4212 autem
514 4160 616 4215 mauult
634 4161 801 4231 exscriptum
818 4177 878 4218 esse
896 4179 976 4232 quam
994 4164 1079 4221 illum.
