3318 4970
468 375 509 431 De
526 375 631 444 legione
649 348 832 433 Romanorum
850 375 873 432 I.
893 375 1043 432 Adiutrice.
1298 378 1338 434 17

266 549 389 628 Quibus
412 550 508 616 rebus
531 551 613 616 bene
637 551 788 635 expensis
810 569 904 616 nemo
930 549 1100 632 dubitabit,
1123 551 1199 634 quin
1221 552 1339 618 milites

67 669 109 714 ·.
176 675 199 720 a
222 652 329 720 Galba
357 651 464 717 necati
492 651 541 716 illi
570 651 727 718 classiarii
756 652 889 735 inerint,
919 652 974 735 qni
1002 651 1130 736 legione
1159 672 1179 718 a
1208 653 1336 719 Nerone

22 801 33 808 .
55 771 104 816 :-:
177 760 289 822 creata
304 754 337 818 in
352 753 432 819 urbe
447 753 677 835 supeffuerint3
695 773 736 819 ex
752 773 815 836 quo
831 753 1029 835 intellegitur
1044 772 1092 836 ea,
1109 772 1192 837 quas
1207 761 1335 834 veteres

27 885 41 914 e
60 876 105 918 .···
175 863 326 924 auctores
341 855 384 921 de
400 855 606 922 classicorum
619 853 719 921 caede
734 856 885 938 raserunt,
901 874 965 922 non
981 853 1023 920 ad
1038 855 1210 938 legionem,
1224 849 1338 940 ‘quamv

8 977 106 1025 r·.:··.:
177 978 198 1025 a
222 959 325 1025 classe
348 957 435 1024 Nero
458 947 716 1041 conscripserat,
739 957 910 1040 pertinere.

267 1076 425 1156 Quoniam
449 1077 546 1160 igitur
561 1074 726 1144 Plutarchi
741 1075 951 1160 Suetoniiqua
967 1078 1068 1144 verba
1082 1083 1160 1162 apta
1174 1098 1237 1145 non
1254 1086 1338 1161 sunt,

22 1188 101 1278 ''jl
178 1180 297 1262 quibos
321 1179 434 1246 Dionis
462 1179 681 1245 testimonium
710 1177 922 1262 confirmetur,
951 1179 994 1245 ab
1022 1178 1085 1246 hac
1112 1185 1204 1263 parte
1231 1179 1337 1246 Taciti

59 1293 85 1314 ·'
177 1282 291 1365 verba,
321 1282 362 1347 ab
390 1282 449 1347 illa
470 1288 562 1366 parte
585 1280 700 1346 Dionis
722 1280 932 1363 ponderanda
954 1288 1036 1348 sunt.
1081 1279 1172 1359 Quas
1195 1282 1338 1347 comita

74 1395 99 1437 Ξ
177 1387 254 1468 sint,
277 1385 374 1451 facila
396 1382 476 1450 mihi
494 1382 623 1450 videtur
646 1382 834 1466 diiudicare,
857 1389 960 1449 utrum
976 1389 1139 1451 auctorem
1156 1403 1338 1466 sequamur.

8 1500 100 1542 212·
176 1488 229 1554 Ac
256 1487 400 1570 profecto
423 1486 528 1552 Taciti
556 1484 657 1551 verba
685 1485 758 1568 plus
787 1486 986 1552 auctoritatis
1015 1484 1103 1569 apud
1133 1505 1192 1552 nos
1216 1484 1336 1550 habere

54 1583 98 1646 1'-
179 1595 310 1673 oportet
332 1609 428 1672 quam
452 1588 583 1671 Dionis;
612 1586 751 1669 accedit,
782 1587 866 1670 quod
891 1586 1062 1654 Suetonius
1092 1593 1124 1654 et
1145 1586 1338 1653 Plutarchus

29 1706 98 1728 ·”·'
178 1712 255 1760 cum
277 1692 383 1759 Taciti
413 1691 594 1758 testimonio
623 1688 707 1756 adeo
737 1709 801 1755 non
829 1697 1018 1773 repugnant,
1049 1695 1084 1755 ut
1112 1691 1234 1774 optime
1265 1709 1339 1756 con·

28 1829 47 1856 -.
78 1824 96 1853 .-
178 1795 330 1860 sentiant.

267 1913 381 1995 ltaque
411 1913 473 1977 utri
502 1911 640 1995 principi
670 1911 756 1993 legio
785 1911 809 1976 I.
840 1909 992 1977 Adiutrix
1021 1910 1178 1994 originem
1209 1909 1338 1994 debeat,

180 2034 247 2081 non
269 2017 334 2082 iam
358 2016 390 2080 in
414 2013 545 2080 dubium
563 2019 706 2096 vocatur,
730 2033 802 2079 cum
825 2019 936 2097 pateat
951 2012 1155 2079 Neronem
1178 2013 1339 2095 legionem

181 2118 420 2201 conscripsisse.
468 2117 605 2182 Dionem
628 2122 736 2182 autom
759 2135 779 2181 a
801 2113 934 2181 Galba
965 2114 1048 2182 hano
1076 2116 1238 2196 legionem
1266 2135 1340 2182 con·

45 2233 53 2242 '
82 2256 91 2265 ·
180 2222 326 2288 stitutum
361 2237 432 2286 esse
465 2219 676 2285 arbitrantem
706 2219 863 2284 erravisse
892 2237 951 2302 pro
980 2224 1067 2284 certo
1101 2217 1339 2284 demonstrasse

8 2341 14 2350 ·
85 2361 90 2368 ·
180 2323 263 2390 mihi
285 2321 408 2388 videor.
439 2321 530 2388 Haec
552 2321 712 2386 sententia
734 2320 948 2401 confirmatur,
972 2320 1000 2386 si
1022 2339 1074 2386 res
1095 2339 1154 2402 per
1177 2319 1239 2386 hoc
1262 2327 1341 2386 tam·

50 2452 92 2478 „
181 2427 272 2507 poris
288 2425 426 2506 spatium
442 2428 550 2504 gestas
566 2421 829 2502 contemplamur.
860 2421 911 2486 Ab
927 2421 1019 2486 initio
1035 2414 1170 2504 ‘legioni
1185 2421 1340 2488 classicae

41 2534 86 2584 ,12
183 2523 393 2590 diffidebatur
422 2523 558 2589 infestae
587 2522 628 2588 ob
663 2521 795 2588 caedem
825 2523 1088 2606 commilitonum,
1123 2542 1203 2605 quos
1237 2525 1340 2605 primo

77 2635 88 2677 :
184 2627 295 2694 statim
317 2619 447 2692 introitu
469 2623 688 2691 trucidaverat
710 2617 834 2690 Galba?
866 2625 956 2702 (Tac.
979 2623 1053 2690 hist.
1068 2625 1084 2689 I
1101 2629 1150 2690 31.
1174 2625 1212 2691 cf.
1228 2645 1260 2709 p.
1281 2627 1342 2705 14.)

8 2755 33 2767 ⁴
49 2764 84 2789 r·
184 2727 313 2794 Deinde
336 2747 407 2794 cum
429 2747 493 2794 non
516 2728 562 2793 ita
583 2728 683 2792 multo
706 2733 779 2810 post
800 2728 937 2811 imperio
961 2727 1003 2792 ad
1026 2727 1164 2793 Galbam
1187 2729 1342 2795 translato

21 2851 72 2895 -21
182 2831 460 2916 praetorianorum
475 2828 556 2896 fides
579 2830 714 2912 labaret,
739 2831 835 2896 etiam
849 2830 935 2914 legio
951 2830 975 2894 l.
993 2829 1144 2896 Adiutrix
1160 2851 1231 2897 cum
1256 2830 1341 2898 sodi·

17 2956 84 3004 ::···
182 2935 285 3001 tiosis·
298 2933 454 2999 militibus
477 2951 511 3000 se
535 2933 731 3014 coniungere
752 2951 816 2998 non
838 2931 1000 2998 dubitavit
1018 2933 1126 3016 itaque
1142 2932 1249 2999 Galba
1264 2933 1341 3000 vivo

8 3085 10 3094 .
43 3049 81 3100 :2
182 3037 216 3102 in
240 3041 349 3120 partes
365 3033 620 3102 Othonianorum
643 3041 843 3118 transgressa
866 3041 922 3102 est.
967 3033 1069 3112 Quam
1093 3036 1253 3118 ingratum
1276 3035 1342 3101 fac·

8 3187 13 3194 -
39 3155 72 3206 e:
181 3145 263 3222 tum,
286 3139 314 3205 si
336 3158 357 3204 a
379 3137 485 3204 Galba
506 3138 578 3221 ipso
602 3144 711 3204 creata
734 3139 836 3205 esset!

271 3257 389 3324 Contra
411 3259 438 3324 si
461 3257 624 3324 aNerone
647 3258 808 3340 legionem
823 3241 1036 3341 conscriptam
1061 3276 1132 3324 esse
1154 3274 1342 3340 persuasum

61 3395 70 3402 -
182 3361 352 3442 habemus,
375 3359 472 3426 facile
496 3380 610 3427 causas
633 3379 739 3427 rernm
758 3361 885 3427 illarum
902 3361 1135 3443 cognoscimus.
1181 3356 1341 3424 Othonem

8 3485 20 3528 ·.
65 3490 76 3504 r
181 3464 282 3546 enim,
312 3483 385 3530 cum
413 3463 494 3529 alter
516 3461 604 3528 Nero
635 3462 807 3529 haberetur
819 3468 850 3547 ¹),
879 3464 977 3530 etiam
1006 3463 1039 3527 in
1068 3481 1102 3529 re
1130 3460 1262 3544 publica
1285 3459 1343 3526 ad·

274 3753 298 3816 1)
317 3752 352 3804 ct'.
375 3748 447 3804 Plut.
472 3747 542 3803 Otho
567 3752 594 3802 3:
619 3757 681 3814 τοῖς
703 3747 733 3806 δὲ
755 3752 874 3813 πολλοῖς
896 3743 1089 3820 χαριζόμενος
1114 3768 1165 3805 ουκ
1189 3743 1289 3818 ἔφευγε
1308 3744 1343 3802 τὸ

51 3853 70 3890 :a
181 3837 305 3906 πρῶτον
322 3831 354 3890 ἐν
371 3842 432 3900 τοῖς
455 3832 593 3906 θεάτροις
618 3833 720 3905 Νέρων
744 3833 1031 3906 προσαγορεύεσθαι·
1055 3836 1103 3890 καὶ
1120 3835 1209 3889 τίνων
1229 3827 1344 3896 εἰκόνας

8 4063 9 4066 ,
20 4024 68 4077 32⁴

182 3919 325 3992 Νέρωνος
337 3919 377 3986 εἰς
390 3918 551 3991 τούμφανὲς
564 3919 763 3992 προθεμένων,
777 3913 828 3976 οὐκ
840 3915 973 3976 ἐκώλυσε.
984 3949 1016 3958 -
1026 3918 1114 3974 Tacit.
1127 3918 1189 3972 hist.
1202 3917 1216 3971 1
1231 3921 1276 3972 13:
1298 3959 1303 3971 .
1319 3956 1343 3973 ..

176 4001 349 4060 ‘faventibus
362 4005 497 4074 plerisque
508 4005 630 4070 militum,
646 4019 733 4074 prona
744 4005 778 4058 in
791 4020 863 4059 eum
881 4005 961 4060 aula
973 4004 1120 4060 Neronis
1132 4009 1169 4058 ut
1180 3994 1343 4059 similem?

237 4099 350 4154 Leipcher
363 4098 463 4144 Studien
482 4098 545 4142 XVI.
1171 4091 1186 4142 2
