3198 4974
314 366 376 426 190
790 369 855 425 Otto
873 367 1001 426 Bochsch

314 542 347 607 in
363 539 564 608 Valeriorum
579 541 718 624 gratiam
742 548 870 607 auctam
894 549 927 609 et
949 544 1112 610 excultam
1135 545 1285 611 restituit
1322 543 1480 610 Animad-
1585 575 1586 578 ¹

314 647 423 709 vertas
440 644 526 708 enim
548 661 669 726 quaeso
692 679 734 690 -
757 643 793 710 id
816 645 899 710 enim
924 645 1058 729 dignum
1083 651 1141 727 est,
1165 645 1253 728 qnod
1275 645 1316 710 ab
1339 645 1398 728 eis,
1422 647 1480 728 qui

316 745 482 810 annalium
497 746 689 828 scriptorum
704 751 807 812 artem
821 766 862 812 ao
877 747 1127 814 consuetudines
1143 765 1339 831 cognoscere
1355 748 1479 829 volent,

314 846 592 913 animadvertatur
619 881 661 892 -
693 865 767 914 eum
797 848 936 931 primum
965 849 1174 931 perspexisse
1210 854 1297 916 sorte
1330 849 1481 917 coniecta

314 947 461 1014 fraudem
484 948 688 1015 Valeriorum
716 949 872 1015 absonam
895 967 983 1032 esse,
1006 969 1078 1016 cum
1100 950 1226 1032 priores
1249 949 1333 1016 hanc
1356 951 1479 1018 discre-

313 1051 459 1133 pantiam
475 1051 573 1134 plane
587 1070 652 1116 non
667 1069 797 1117 emanso
816 1049 953 1134 putandi
975 1051 1048 1116 sint.
1094 1049 1167 1128 Qua
1189 1050 1329 1134 denique
1351 1053 1481 1120 ratione

315 1153 413 1218 etiam
442 1152 477 1219 id
508 1153 604 1218 simul
632 1152 757 1218 Antiati
790 1153 978 1236 contigerit,
1011 1159 1047 1218 ut
1079 1150 1187 1220 famae
1221 1154 1413 1221 Publicolae
1446 1161 1482 1222 91
1585 1147 1586 1168 ’

314 1254 517 1321 Valeriorum
540 1255 733 1336 consuleret,
758 1272 857 1337 supra
879 1255 943 1319 iam
966 1251 1048 1319 mihi
1071 1255 1272 1338 explicatum
1295 1261 1354 1321 est.
1585 1313 1586 1352 3

400 1355 466 1422 Sed
487 1357 552 1422 iam
575 1375 594 1422 e
617 1357 829 1439 deverticulo,
853 1373 916 1438 quo
939 1353 1035 1422 huius
1057 1356 1189 1422 fabulae
1212 1355 1381 1423 historiam
1404 1379 1481 1443 pcr-
1585 1355 1586 1450 l

314 1460 549 1542 secutisumus,
564 1459 615 1525 ad
630 1456 897 1525 Plutarchum
919 1460 1193 1524 revertamur!
1237 1458 1330 1526 Utin
1347 1481 1420 1544 cap.
1439 1465 1481 1526 14

313 1562 361 1628 919
383 1562 423 1627 in
446 1563 465 1625 9
488 1565 599 1645 (199,
626 1562 738 1638 1-4)
758 1561 950 1626 sententiam
965 1581 986 1626 a
1000 1560 1213 1643 comprobata
1227 1561 1481 1647 discrepantem,
1585 1571 1586 1640 ἶ

314 1683 411 1748 quam
440 1664 545 1748 primo
573 1669 709 1746 aspectu
738 1682 781 1728 ex
805 1663 909 1728 altero
931 1662 1042 1745 aliquo
1065 1663 1223 1746 scriptore
1244 1664 1383 1746 petitam
1406 1683 1481 1734 esse
1585 1677 1586 1702 ³

314 1766 506 1851 suspiceris,
535 1765 600 1830 iam
632 1764 665 1828 in
687 1763 859 1830 annalibus
882 1764 1005 1830 Valerii
1028 1764 1170 1831 Antiatis
1192 1766 1409 1850 significatam
1431 1775 1481 1834 at-

314 1887 377 1952 que
393 1869 616 1952 impugnatam
633 1866 735 1933 fuisse
746 1867 939 1949 putaverim,
956 1886 1152 1950 quamquam
1169 1869 1264 1934 certis
1279 1872 1482 1952 argumentis
1585 1899 1586 1906 ν

314 1969 421 2036 evinci
435 1987 500 2034 non
514 1987 611 2051 posse
624 1968 777 2034 concedo.
801 1968 837 2032 P.
854 1973 924 2053 199,
942 1974 1026 2033 1-4
1037 1967 1118 2034 Sint
1132 1969 1175 2036 de
1190 1969 1365 2054 triumpho,
1381 1990 1481 2054 quem
1585 1993 1586 2008 *

315 2071 463 2136 Valerius
478 2069 649 2136 Publicola
664 2071 741 2152 egit,
764 2071 914 2151 leguntur
937 2069 1035 2136 haec:
1056 2063 1125 2136 ‘nat
1140 2067 1179 2136 τὸ
1200 2072 1339 2158 πρᾶγμα
1355 2069 1483 2159 σεμνὴν
1585 2145 1586 2164 ,

313 2171 368 2236 καὶ
392 2170 636 2256 μεγαλοπρεπῆ
659 2173 828 2256 παρέσχεν
854 2163 952 2253 ὄψιν,
985 2163 1044 2237 οὐκ
1065 2169 1260 2258 ἐπίφθονον
1284 2165 1354 2239 οὐδ’
1381 2167 1483 2241 ἆνιά-
1585 2227 1586 2234 ,

315 2293 433 2353 σασαν,
450 2267 497 2350 ὥς
509 2270 594 2338 ἔνιοι
610 2274 772 2358 λέγουσιν,
787 2269 867 2348 τοὺς
882 2267 1053 2356 ὁρώνταξ.
1084 2275 1191 2341 Etiam
1208 2275 1271 2360 hic,
1292 2279 1356 2344 nisi
1370 2278 1481 2362 fallor,
1585 2267 1586 2272 ἵ

316 2376 473 2444 hahemus
488 2376 653 2442 Antiatem
670 2382 782 2442 contra
796 2377 921 2460 priores
943 2377 1127 2461 scriptores,
1152 2380 1208 2462 qui
1230 2379 1373 2446 nondum
1389 2385 1482 2448 tanto
1585 2431 1586 2444 .

316 2499 395 2563 erga
416 2479 565 2546 Valerios
588 2479 696 2545 studio
720 2483 754 2544 91
774 2479 897 2561 pietate
920 2479 1130 2563 ducebantur,
1153 2487 1362 2564 pugnantem.

400 2582 444 2648 At
458 2599 664 2664 nequaquam
686 2599 818 2663 possum
841 2579 884 2646 ad
906 2581 1050 2648 Mtnzeri
1073 2582 1155 2648 illud
1178 2583 1333 2666 placitum
1355 2583 1399 2649 (19
1414 2583 1480 2649 An-

315 2683 394 2749 tiate
410 2681 577 2750 Plutarchi
591 2687 724 2748 auctore
739 2701 792 2748 me
814 2681 981 2766 applicare
1003 2683 1051 2750 de
1074 2703 1156 2768 cap.
1175 2689 1214 2749 17
1238 2685 1342 2751 Plut.
1366 2685 1481 2752 Publ.

316 2784 472 2852 iudicium
494 2784 686 2868 prolaturus.
732 2783 797 2850 Ubi
823 2785 872 2852 de
894 2786 1027 2853 Mucio
1055 2785 1262 2854 Scaevola
1291 2789 1482 2854 narratio
1585 2781 1586 2808 ³

315 2887 358 2953 ab
387 2884 438 2952 his
467 2886 576 2952 verbis
603 2885 771 2970 incipitur:
798 2879 862 2951 ‘Th
886 2887 967 2969 περὶ
989 2885 1146 2954 Μούκιον
1170 2887 1301 2976 εἴρηται
1322 2887 1387 2970 μὲν
1410 2883 1480 2955 ὑπὸ
1585 2935 1586 2982 3

315 2987 453 3052 πολλῶν
475 2988 531 3052 καὶ
555 2984 740 3073 διαφόρως,
764 2988 896 3054 λεκτέον
919 2987 956 3053 δὲ
983 2981 1006 3075 ᾗ
1028 2987 1179 3071 μάλιστα
1201 2989 1401 3057 πιστεύεται
1424 2991 1481 3056 καὶ

317 3082 422 3176 ἡμῖν’.
466 3089 528 3156 Vel
551 3110 594 3156 ex
621 3089 682 3156 hac
704 3089 906 3174 praefatione
936 3093 1091 3177 colligere
1117 3093 1275 3160 debemus
1303 3093 1481 3162 Plutarcho

315 3199 445 3278 practer
467 3211 549 3275 eam,
572 3211 670 3276 quam
692 3193 807 3260 Antias
829 3193 1003 3276 offerebat,
1031 3197 1250 3262 narrationem
1272 3196 1427 3280 alteram,
1453 3197 1482 3264 91

315 3315 380 3362 non
396 3295 578 3378 complures
593 3295 676 3361 alias
698 3295 800 3362 fuisse
822 3297 978 3379 cognitas.
1022 3297 1107 3362 Nam
1130 3317 1326 3381 quamquam
1347 3298 1482 3364 minime

316 3397 491 3480 diligenter
518 3402 667 3463 auctores
697 3397 832 3464 laudare
862 3398 962 3480 solet,
991 3405 1100 3465 tamen
1123 3419 1282 3484 nusquam
1304 3400 1482 3466 simulandi

316 3498 458 3565 studium
488 3495 751 3582 deprehenditur.
797 3498 864 3566 Sed
892 3499 1053 3566 accedunt
1073 3502 1141 3568 alia
1164 3501 1326 3586 quaedam
1347 3502 1481 3585 indicia,

317 3617 401 3683 quae
417 3599 567 3666 Virckius
589 3599 717 3666 detexit
739 3601 772 3674 (l.
788 3601 810 3666 l.
825 3619 857 3685 p.
876 3604 916 3666 79
932 3605 1002 3684 sq.).
1036 3603 1161 3670 Tritam
1184 3605 1274 3670 illam
1298 3603 1341 3670 de
1363 3603 1483 3670 dextra

317 3719 415 3784 super
437 3701 504 3784 igni
527 3702 646 3768 iniecta
668 3703 812 3769 fabulam
836 3710 869 3770 et
891 3703 1006 3771 Cicero
1029 3707 1088 3790 (pr.
1112 3705 1188 3772 Sest
1209 3709 1261 3789 21,
1285 3709 1343 3791 48,
1366 3707 1481 3791 parad.

320 3809 348 3887 1,
372 3805 402 3885 2,
430 3806 479 3877 12)
509 3810 542 3868 91
569 3804 749 3889 Dionysius
782 3805 823 3874 (V
848 3808 889 3869 27
906 3808 988 3890 sqq.)
1003 3808 1023 3883 ¹)
1051 3806 1204 3874 videntur
1233 3809 1419 3893 ignorasse,
1446 3815 1484 3875 ut

318 3905 448 3973 serioris
463 3907 579 3973 aetatis
595 3927 653 3974 suo
669 3909 739 3973 iure
757 3927 830 3974 eam
853 3907 976 3974 iudicet
990 3907 1153 3986 Virckius)
1165 3914 1194 3993 ²3
1217 3910 1348 3977 Valerio
1371 3917 1483 3979 autem

405 4043 431 4190 121
449 4035 749 4193 ξλολζῦειζῇρδιθῖἣὶὶε
766 4125 803 4180 191
820 4126 877 4181 also
897 4126 960 4181 sehr
977 4126 1047 4184 wohl
1065 4127 1196 4196 nogion,
1218 4128 1281 4184 dass
1298 4128 1483 4186 (119991999-
