3170 4984
295 369 358 428 270
773 367 838 424 Otto
855 367 993 424 Bocksoh.

295 544 329 610 in
351 540 514 608 Fleokeis
537 543 645 608 annal.
670 543 747 624 125,
770 562 802 626 p.
821 545 881 607 107
898 561 945 625 sq.
968 541 1021 620 (of.
1045 540 1084 606 H.
1102 539 1199 606 Peter
1222 539 1295 608 hist.
1317 559 1400 606 rorn.
1424 541 1465 607 fr.

294 664 327 728 p.
345 645 420 719 265)
443 643 607 730 omnibns,
637 641 950 726 oredo¹)·probavit.
994 643 1033 708 Ιιι
1063 640 1114 709 his
1144 647 1270 727 autem,
1297 662 1379 727 quos
1405 635 1465 710 ‘de

294 735 442 812 familiis’
468 745 609 828 scripsit,
632 745 734 827 libris,
758 763 954 828 quamquem
970 764 1019 828 ea,
1043 763 1127 828 quae
1143 744 1268 812 Plinius
1284 764 1326 812 ex
1341 745 1390 812 eis
1405 765 1463 811 ex·

296 847 430 932 serpsit,
454 851 579 912 tanturn
601 847 646 913 ad
669 846 836 914 Cornelios
859 845 1047 930 Scipiones,
1070 846 1278 931 Pomponios,
1301 845 1463 914 Servilios
1570 837 1571 922 Ῠ

295 949 471 1032 pertinent,
501 947 543 1014 de
566 968 626 1016 sna
647 946 750 1032 ipsius
772 948 898 1014 familia
920 967 1049 1032 quoqne
1072 947 1237 1014 Valerium
1260 949 1367 1034 egisse
1390 949 1463 1015 veri
1570 941 1571 984 ³

296 1055 346 1116 est
368 1050 579 1135 simillimum,
602 1070 643 1117 ne
666 1050 774 1117 dionm
790 1055 922 1118 eertum.
959 1051 1074 1135 Itaque
1098 1070 1181 1133 eum,
1206 1051 1262 1134 qui
1284 1050 1463 1118 sansare
1570 1061 1571 1068 ’

295 1151 443 1234 Angusto
465 1152 571 1219 iussus
596 1152 704 1236 elogia
726 1153 922 1238 composuit,
944 1145 1199 1236 ‘quadratariunn
1228 1153 1336 1237 potins
1363 1171 1463 1235 quarn
1570 1173 1571 1188 ι

295 1245 541 1338 antiquarium',
564 1260 599 1320 ut
613 1254 804 1322 Mommseni
820 1255 928 1321 verbis
950 1261 1030 1336 utar,
1053 1255 1171 1320 librum
1193 1255 1345 1340 adisse,
1336 1273 1462 1338 inquo,
1570 1265 1571 1270 ’

297 1457 439 1523 virorum
460 1458 547 1525 faeta
576 1465 609 1525 et
638 1458 809 1536 honores
800 1478 833 1524 ιιι
856 1478 955 1524 unum
977 1459 1043 1524 iarn
1066 1464 1220 1542 congesta
1242 1465 1350 1541 erant,
1379 1456 1464 1524 haee

297 1559 482 1626 oonieotura
503 1561 609 1644 magis
631 1559 712 1626 mihi
734 1561 859 1644 placet,
889 1579 985 1643 quarn
1009 1559 1098 1626 illum
1124 1579 1142 1628 e
1167 1560 1297 1643 prolixa
1319 1560 1464 1626 Antiatis

296 1662 490 1744 narratione,
513 1663 570 1728 ubi
592 1663 703 1730 multis
724 1661 805 1728 loeis
828 1660 987 1745 dissipata
1009 1660 1194 1745 ooltigende
1218 1668 1318 1744 orent,
1342 1681 1465 1744 magna

296 1783 369 1828 oum
392 1781 493 1847 opera
514 1765 646 1830 nomine
666 1783 706 1830 so
727 1781 779 1829 res
803 1763 995 1830 excussisse

370 1922 497 2118 Urget.
492 1963 617 2018 Sch'sfer·
618 1961 720 2018 Nissen
736 1959 960 2032 ‘’Quellsnkunte
978 1966 1084 2034 p.105;
1102 1956 1374 2019 renovassent
1394 1967 1465 2017 rom.

294 2047 382 2106 Ιιίῐ.ἰ
439 2051 488 2103 199
507 2053 532 2104 2.

167 1379 170 1384 ¹
297 1355 420 1439 quippe
444 1357 499 1439 qui
518 1349 575 1422 ‘de
597 1346 743 1424 familiis'
769 1357 968 1440 oonsoriptus
992 1362 1092 1439 esset,
1122 1358 1231 1422 omnia
1261 1356 1463 1440 singulorum
1570 1397 1571 1466 ;
