3270 4968
438 427 481 484 De
499 427 621 485 codicum
638 427 837 484 Isocratcorum
854 427 1026 487 auctoritato.
1270 429 1309 487 21

245 599 332 680 Quas
355 601 510 669 lectiones
526 620 568 667 ex
584 599 739 668 Urbinate
755 599 947 686 profluxisse
962 602 1034 668 loco
1051 601 1206 668 orationis
1222 603 1312 668 1129

160 703 363 770 considerato
387 703 456 770 veri
478 703 583 769 simile
606 700 743 786 videtur,
771 703 860 770 cuius
883 704 979 770 lectio
1002 724 1043 770 ex
1066 703 1221 771 Urbinate
1243 707 1314 773 solo

158 811 235 872 nota
258 811 315 872 est.
360 805 438 872 'Pria
466 810 575 871 tamen
603 803 727 869 librarii
756 803 978 872 additamenta
1006 806 1127 890 notavi,
1157 826 1239 891 quae
1268 807 1312 874 ad

158 905 347 974 Urbinatem
370 905 482 974 referri
504 924 568 972 non
589 910 738 989 possunt:

243 1026 287 1092 IV
311 1029 361 1090 60.
390 1023 451 1105 μὲν
474 1019 621 1106 γενονοῖς
643 1023 692 1086 A
714 1043 763 1108 pr.
786 1025 840 1103 (=-
855 1029 907 1108 Γ),
937 1007 977 1110 ἦν
998 1031 1073 1110 post
1101 1025 1163 1107 μὲν
1192 1026 1268 1094 add.
1295 1033 1309 1092 1

157 1155 200 1178 ==
219 1127 413 1192 ΘΛΘαΛα.

244 1245 321 1311 VIII
344 1248 394 1310 52.
419 1239 605 1327 ἀλογίστως
627 1243 676 1308 Λα
699 1263 746 1327 pr.
762 1247 816 1322 (··-
833 1249 884 1329 Γ),
908 1239 1078 1326 ὀλιγώρως
1101 1246 1134 1310 in
1156 1265 1220 1330 mg.
1236 1244 1313 1312 add.

161 1353 175 1412 1
194 1375 237 1398 =
255 1347 315 1412 Θα.
362 1348 432 1412 133.
456 1337 571 1422 οὐδεὶς
588 1336 766 1426 οὐδέτερον
782 1343 908 1410 τούτων
924 1346 973 1409 Λα
989 1365 1037 1428 pr.
1053 1347 1107 1424 (=
1123 1349 1179 1431 Γ),
1203 1343 1313 1412 αὐτῶν

158 1448 190 1514 in
213 1469 276 1532 mg.
299 1447 374 1515 add.
395 1453 409 1512 1
427 1477 470 1500 =
485 1439 597 1524 οὐδεὶς
612 1450 678 1510 τῶν
694 1438 801 1510 αὐτῶν
818 1444 994 1532 οὐδέτερον
1013 1448 1073 1534 Θα,
1097 1468 1159 1514 om.
1176 1445 1313 1516 codeces.

246 1565 316 1646 Quo
347 1566 468 1634 codicis
497 1566 646 1634 Vaticani
673 1564 896 1651 archetypum,
928 1585 1023 1649 quem
1053 1568 1136 1634 iuter
1167 1568 1313 1636 codicem

160 1670 350 1738 Urbinatem
372 1675 405 1735 et
426 1667 572 1736 codicem
587 1668 776 1734 Vaticanum
800 1668 1067 1751 interponendum
1090 1689 1162 1738 esse
1178 1671 1313 1754 sumpsi-

158 1791 238 1854 mus,
262 1791 333 1838 oum
357 1771 508 1853 exemplo
531 1769 672 1853 quodam
696 1789 738 1835 ex
760 1767 881 1835 codicis
904 1769 1112 1838 Laurentiani
1138 1774 1167 1836 Θ
1188 1771 1314 1838 familia

159 1874 311 1940 collatum
334 1891 404 1940 esso
427 1873 663 1956 comprobatur,
686 1871 721 1937 id
744 1869 832 1954 quod
855 1890 897 1937 ex
920 1873 1027 1939 verbis
1050 1874 1205 1941 orationis
1224 1873 1256 1938 11
1278 1873 1311 1938 in

159 1973 302 2041 antidosi
324 1974 431 2040 allatis
454 1993 551 2057 supra
574 1974 638 2039 inm
661 1973 881 2056 cognovimus.

245 2092 411 2178 Subiungo
441 2098 652 2159 correctorem
685 2096 725 2175 1⁵,
760 2110 855 2174 quem
885 2092 917 2157 in
947 2092 1091 2160 oratione
1121 2093 1184 2172 „de
1212 2097 1313 2178 pace“

158 2195 230 2262 sola
251 2199 349 2277 atque
376 2213 439 2260 uno
468 2192 625 2261 antidosin
654 2195 725 2260 loco
755 2192 966 2278 deprehendi,
996 2195 1051 2278 qui
1080 2214 1152 2261 cum
1181 2195 1313 2262 librario

160 2294 312 2363 confundi
334 2315 398 2362 non
422 2302 537 2379 potest,
560 2315 632 2362 cum
656 2295 770 2363 duetus
789 2295 1003 2378 elegantiores
1018 2302 1115 2379 atque
1131 2297 1314 2364 subtiliores

158 2404 338 2465 atramento
361 2397 485 2480 pallido
508 2398 633 2464 exarati
656 2398 727 2464 sint.

243 2516 350 2600 Atque
372 2517 531 2601 plurimae
555 2516 768 2582 correctiones
784 2517 853 2582 eius
869 2523 901 2582 et
916 2535 989 2583 cum
1004 2513 1171 2584 Urbinatis
1186 2514 1314 2580 mutati·

159 2619 275 2686 onibus
290 2624 322 2685 et
337 2639 409 2685 cum
426 2618 566 2701 vulgatis
588 2618 780 2685 lectionibus
803 2624 991 2702 congruunt,
1014 2635 1095 2701 quas
1119 2615 1172 2684 hic
1193 2615 1311 2683 reddo:

243 2737 319 2804 VIII
348 2737 398 2801 32.
434 2727 512 2800 οὔτε
549 2734 637 2819 πρὸς
669 2733 770 2812 δόξαν
801 2756 863 2802 om.
894 2740 924 2798 Γ
952 2757 999 2821 pr.
1030 2738 1062 2800 A
1087 2756 1152 2821 pn:
1185 2737 1219 2803 in
1248 2755 1313 2819 mg.

157 2839 234 2907 add.
253 2843 284 2902 Γ
304 2858 382 2905 corr.
400 2843 430 2923 4,
453 2842 485 2902 Δ
505 2858 584 2905 corr.
612 2841 643 2904 1ιι
666 2841 718 2916 (--
738 2839 869 2916 ΘαΛα).
916 2840 966 2904 33.
989 2834 1067 2913 τοὺς
1092 2832 1244 2916 δ’ἄλλους
1267 2827 1313 2900 ὦν

158 2938 198 3006 οὗ
222 2945 253 3005 Γ
271 2961 318 3026 pr.
341 2943 373 3005 A
393 2960 456 3025 pn:
480 2935 558 3004 οὐδὲ
582 2937 759 3023 γινώσκειν
783 2937 881 3004 οὐδὲν
904 2940 937 3005 in
959 2959 1022 3022 mg.
1045 2938 1120 3006 add.
1138 2944 1168 3003 Γ
1186 2959 1266 3006 corr.
1283 2944 1313 3024 4,

158 3049 190 3109 A
212 3063 292 3111 corr.
318 3047 350 3107 1⁸
372 3043 426 3120 (=
441 3042 572 3118 ΘαΛα).
618 3045 668 3108 39.
691 3051 763 3118 τοῖς
787 3036 1076 3124 ἁμαρτανομένοις
1098 3045 1128 3105 Γ
1139 3061 1187 3125 pr.
1204 3043 1236 3105 A
1248 3061 1313 3125 pra

159 3146 195 3225 ἐξ
218 3147 251 3211 in
274 3165 336 3228 mg.
360 3144 436 3209 add.
460 3148 491 3207 Γ
510 3164 589 3211 corr.
605 3149 635 3228 4,
658 3154 731 3220 τοῖς
746 3142 784 3224 ἐξ
798 3145 832 3210 in
847 3164 908 3210 ras.
924 3147 956 3207 A
969 3163 1048 3210 corr.
1068 3148 1099 3206 1⁵
1115 3144 1168 3221 (=
1182 3138 1313 3216 ΘαΛα).

160 3253 212 3314 44.
236 3242 304 3310 dtt’
330 3236 538 3327 ἀνθρώπους
562 3249 593 3308 Γ
611 3266 658 3330 pr.
682 3249 714 3310 A
733 3265 797 3330 pr:
826 3242 1020 3328 αἱρούμεθα
1040 3245 1077 3309 In
1100 3265 1163 3327 mg.
1186 3242 1261 3309 add.
1287 3246 1318 3305 Γ

160 3369 241 3419 oorr.
266 3352 295 3432 4,
318 3350 350 3410 Δ
372 3367 451 3414 corr.
478 3351 509 3410 1ι
525 3350 579 3423 (=
598 3349 729 3425 ΘαΛα).
774 3350 825 3412 46.
848 3343 1085 3427 λυμαινόμεθα
1102 3351 1187 3429 Fpr.
1204 3346 1311 3428 Apu:

160 3443 208 3515 δι’
235 3444 293 3526 οὓς
316 3450 348 3515 in
370 3469 434 3532 mg.
450 3447 526 3515 add.
544 3451 579 3512 Γ
598 3469 678 3516 corr.
695 3455 731 3533 4,
755 3470 779 3516 s.
796 3469 826 3514 v.
843 3447 918 3515 add.
941 3452 974 3512 A
993 3468 1073 3517 corr.
1099 3453 1139 3530 1⁸,
1163 3455 1229 3513 tum
1254 3445 1315 3514 hoo

160 3552 382 3620 additamento
399 3550 506 3617 deleto
519 3552 551 3617 in
567 3571 630 3635 mg.
645 3571 715 3635 pos.
733 3555 886 3630 soloecon
904 3543 951 3614 δι’
971 3545 1029 3626 οὓς
1043 3547 1099 3632 (·--
1117 3549 1226 3612 ΘΓΑα
1243 3552 1314 3636 pr).

161 3659 212 3720 49.
237 3653 345 3729 καλῶς
365 3656 396 3716 Γ
414 3673 461 3737 pr.
478 3655 510 3716 A
521 3674 584 3738 pn:
609 3657 719 3730 κακῶς
735 3657 765 3715 Γ
776 3672 856 3720 corr.
873 3655 902 3730 4,
925 3654 958 3715 A
970 3671 1049 3719 corr.
1069 3655 1100 3715 1⁸
1115 3655 1166 3725 (=
1182 3651 1313 3729 ΘαΛα).

158 3759 210 3823 90.
227 3751 396 3830 σιεοδίαις
411 3759 441 3818 Γ
453 3775 512 3839 με,
535 3753 720 3831 σιτοδείαις
736 3774 816 3821 corr.
835 3750 867 3817 1b
887 3757 940 3828 (35
957 3759 1017 3838 A),
1039 3775 1090 3836 γρ.
1107 3751 1315 3830 σιτοδοσίαις

158 3861 193 3925 in
215 3879 278 3942 mg.
301 3856 376 3924 add.
400 3859 435 3922 2:
465 3854 561 3920 oswod
584 3879 639 3932 αις
659 3862 690 3920 A
710 3877 769 3942 pr„
793 3879 824 3920 ει
846 3855 951 3939 suppl.
977 3861 1017 3920 1⁵.
1065 3858 1136 3921 136.
1158 3853 1314 3934 μελέταις

159 3969 394 4044 παρασκευαῖς
417 3964 447 4024 Γ
465 3980 524 4045 ρι’,
546 3968 621 4034 ταῖς
644 3978 669 4026 s.
693 3979 723 4025 v.
746 3957 822 4030 add,
848 3955 890 4040 lb,
915 3959 971 4021 καὶ
994 3978 1018 4024 s.
1044 3976 1073 4023 v.
1096 3955 1172 4022 add.
1195 3961 1228 4023 4:
1253 3979 1314 4036 με·

159 4058 273 4139 λὲταις
295 4071 371 4138 ταῖς
393 4071 627 4146 παρασκευαῖς
650 4065 682 4125 A
701 4081 759 4146 pr„
783 4060 839 4124 καὶ
855 4079 880 4126 s.
897 4079 927 4126 v.
943 4059 1021 4127 add.
1040 4063 1071 4123 1·
1085 4058 1314 4138 (=Ao⁶⁴A“).

164 4168 235 4232 137.
258 4159 462 4249 ὀκνήσουσιν
486 4169 516 4229 Γ
534 4185 582 4249 pr.
605 4165 637 4227 A
658 4183 722 4248 pn:
751 4183 802 4246 γρ.
827 4153 1054 4245 ὁμονοήσουσι
1083 4162 1129 4228 In·
1145 4181 1207 4244 mg.
1237 4160 1313 4227 add.
