3134 4986
453 384 630 455 Quaestione
648 385 858 442 Posidonianac.
1174 389 1239 449 375

87 559 174 643 neryi
189 559 240 637 (cf.
257 552 386 626 ‘bidom
402 552 467 626 Gr?
492 579 523 642 p.
541 559 594 636 32)
618 559 835 626 coniecturam
857 578 1032 626 memorem
1047 559 1136 628 haud
1151 564 1236 630 male

87 661 212 744 quidem
234 661 324 726 illam
347 661 576 746 excogitatam,
599 660 658 728 sed
681 680 722 728 ca
743 681 838 744 qnam
860 681 919 728 nos
942 663 1238 732 commendavimus

87 762 306 829 emendatione
335 763 538 829 deteriorem.
590 763 713 828 Auctor
741 763 825 828 enim
857 770 906 830 est
934 765 1086 848 Tannery
1115 772 1150 833 ut
1178 786 1238 851 pro

86 860 244 952 ἐπιτομῆς
273 871 422 930 exaretur
450 860 625 945 ἐπιτόμου.
669 863 737 930 Sed
764 863 850 931 unde
876 866 1006 933 tandem
1029 867 1159 932 rescivit
1181 868 1237 934 ille

85 965 208 1031 Gemini
228 959 478 1033 ‘Commeatum'
503 965 602 1032 breve
625 967 679 1032 vel
701 966 966 1049 compendiosum
982 968 1110 1035 luisse?
1141 968 1238 1036 Adde

84 1067 168 1150 qnod
195 1069 367 1135 verborum
398 1069 577 1136 conlocatio
606 1087 812 1152 nequaqnam
840 1069 1005 1154 Tanneryi
1035 1071 1237 1138 coniecturae

82 1170 189 1236 farere
211 1169 350 1237 ridetur.

165 1270 366 1357 Quicumque
388 1279 496 1340 autem
518 1277 660 1338 nostram
684 1270 877 1338 emendandi
899 1272 1056 1339 rationem
1071 1274 1236 1357 amplecti-

83 1379 147 1457 tur,
176 1375 364 1442 Alexandro
387 1373 604 1459 Aphrodisieo
634 1374 685 1439 cui
708 1371 895 1455 Simplicius
922 1376 1048 1458 etipse
1071 1373 1238 1458 profitetur

83 1473 290 1543 Geminianae
305 1473 424 1554 λέξεως
446 1476 593 1542 notitiam
612 1474 718 1552 debet,
732 1495 797 1540 non
812 1475 971 1558 integrum
988 1474 1117 1541 Gemini
1129 1469 1236 1543 ‘Oom-

83 1571 230 1645 mentum²
262 1579 321 1646 sed
344 1581 521 1662 epitomem
543 1577 613 1644 eins
635 1583 765 1661 praesto
785 1575 889 1642 fuisse
912 1576 1083 1643 concludat
1104 1598 1237 1644 necesse

83 1686 138 1746 est.
172 1681 280 1765 Atque
302 1681 386 1748 banc
408 1683 582 1765 epitomam
605 1679 677 1763 ipse
692 1677 848 1743 Geminus
869 1697 911 1744 ne
933 1679 1006 1744 aliis
1021 1686 1148 1764 segetes
1163 1699 1237 1747 suas

83 1782 290 1850 demetendos
313 1785 509 1867 relinqueret
531 1778 707 1848 confecisse
730 1779 869 1844 ridetur.
904 1779 942 1844 In
964 1799 1027 1863 quo
1044 1780 1123 1864 qnid
1137 1781 1237 1846 demi·

82 1885 213 1951 randum
237 1887 279 1952 sit
301 1886 453 1970 equidem
472 1904 536 1950 non
552 1882 659 1948 video.
688 1881 837 1964 Namque
853 1883 900 1946 nti
915 1902 1013 1965 supra
1028 1884 1238 1966 cognovimns

82 1986 228 2070 infraque
245 2007 476 2072 cognoscemus
488 1985 643 2051 Geminus
660 1983 742 2049 duce
755 1975 957 2050 ‘Enchiridio
970 1979 1235 2068 meteorologico'

82 2094 178 2153 totam
200 2089 368 2156 Posidonii
392 2089 551 2156 derebus
574 2086 769 2154 caelestibus
792 2091 824 2150 et
845 2085 1036 2152 sublimibus
1059 2085 1239 2152 doctrinam

82 2189 314 2257 inlustrandam
338 2198 370 2257 et
393 2189 633 2274 explanandam
655 2188 717 2254 sibi
733 2193 954 2270 proposuerat.
989 2186 1093 2265 Quam
1109 2189 1237 2271 provin·

83 2292 162 2358 ciam
185 2295 234 2358 ita
256 2291 499 2359 administrasse
515 2291 653 2374 videtur,
677 2296 713 2354 ut
727 2288 946 2354 Posidoniana
960 2290 1150 2372 simpliciter
1164 2291 1238 2355 aliis

82 2393 188 2459 verbis
212 2394 476 2461 circumscribere
499 2392 749 2475 haudquaquam
772 2390 851 2456 satis
875 2409 946 2456 esse
962 2398 1051 2456 ratus
1067 2391 1239 2474 diligenter

81 2493 172 2563 buius
191 2495 380 2581 philosophi
403 2496 577 2563 sententies
600 2498 766 2560 excuteret
788 2498 820 2557 et
835 2489 1034 2576 expenderet
1048 2498 1145 2575 atquc
1162 2513 1238 2576 quo-

82 2599 303 2681 tienscumque
318 2599 360 2664 ab
376 2618 415 2664 eo
432 2597 625 2681 dissentiret,
649 2615 739 2662 snam
757 2594 942 2678 opinionem
958 2594 1144 2677 explicaret,
1161 2613 1238 2676 qno·

82 2702 304 2785 tienscumque
336 2706 444 2766 autem
478 2699 612 2766 haberet
645 2716 728 2781 quae
757 2695 909 2778 adderet,
943 2715 983 2761 ea
1010 2715 1051 2762 ne
1080 2696 1238 2760 reticeret.

83 2802 166 2881 Quid
198 2804 298 2887 igitur
330 2802 445 2867 mirum
478 2803 505 2868 si
534 2801 596 2867 bac
624 2801 748 2865 ratione
776 2798 1023 2896 commentarius
1052 2798 1085 2861 in
1113 2797 1238 2879 largum

82 2907 234 2973 volumen
246 2903 477 2972 excrescebat?
500 2904 551 2981 (cl.
565 2900 724 2968 Boeckhii
734 2900 806 2965 libr.
816 2893 892 2965 ‘Ub
906 2899 936 2965 d.
951 2899 1043 2982 vierj.
1057 2897 1237 2965 Sonnonlxr.

82 3008 111 3073 d.
134 2999 246 3075 Alten’
274 3001 382 3091 [1863]
405 3026 437 3090 p.
456 3007 517 3084 13).
563 3003 667 3082 Quem
689 3003 717 3067 si
740 3003 773 3066 in
795 3002 906 3085 paullo
927 3003 1079 3067 artiorem
1100 3001 1237 3066 formam

82 3109 295 3193 contraheret,
318 3127 393 3190 spes
416 3113 486 3173 erat
506 3107 575 3173 fore
597 3112 633 3172 ut
646 3105 818 3170 multorum
833 3104 970 3185 gratiam
985 3103 1089 3169 iniret.
1123 3103 1237 3186 Neque

82 3229 152 3277 cum
187 3210 435 3278 commentarius
469 3208 587 3291 insigni
619 3226 658 3272 ac
686 3206 778 3270 varia
806 3204 951 3271 doctrina
979 3205 1116 3272 refertus
1142 3211 1237 3289 esset,

82 3313 290 3380 metuendum
314 3318 383 3378 erat
403 3331 444 3377 ne
464 3311 532 3376 eius
548 3309 689 3393 epitoma
704 3307 800 3373 exilis
814 3313 870 3372 aut
885 3309 1059 3390 exsanguis
1074 3306 1237 3373 evaderet.

82 3415 243 3482 Fortassis
268 3413 321 3480 hic
343 3412 431 3479 haud
454 3413 562 3495 inepte
585 3410 745 3493 quispiam
769 3408 810 3475 de
833 3408 1076 3492 Hephaestione
1097 3409 1237 3474 Alexan-

83 3516 175 3582 drino
199 3515 467 3581 commonefaciat
487 3531 582 3595 quem
598 3512 704 3595 ipsum
719 3529 782 3576 non
798 3512 899 3577 semel
914 3511 972 3577 sed
987 3512 1037 3578 bis
1056 3504 1238 3578 ‘Commen-

83 3619 239 3685 tationcm
268 3615 309 3682 de
337 3605 461 3682 metris'
494 3633 585 3680 suam
614 3613 814 3695 excerpsisse
844 3618 876 3678 et
898 3611 1081 3679 decertasse
1104 3619 1237 3680 constat.

83 3720 124 3786 llt
145 3727 256 3786 tamen
277 3718 391 3783 ultima
410 3716 491 3783 faex
512 3715 605 3781 nobis
627 3733 784 3798 perquam
805 3715 948 3797 pretiosa
970 3721 1027 3781 est.

84 3884 273 3954 addendisqnc
294 3884 331 3940 ad
351 3885 405 3939 rol.
422 3884 435 3936 l
456 3899 483 3952 p.
496 3881 603 3936 XXXII
620 3880 766 3934 articulum
783 3881 864 3950 (τῆς)
882 3888 945 3935 ante
962 3881 1125 3937 vocabulum
1142 3879 1238 3956 ἐξηγὴ·

84 3987 157 4035 σεως
178 3970 298 4024 inserere
320 3968 401 4022 iussit
418 3969 463 4034 (cl.
482 3969 563 4021 etiam
580 3966 631 4020 rol.
645 3965 673 4019 11
690 3981 718 4034 p.
734 3968 818 4031 146³).
853 3965 926 4020 Huic
948 3967 999 4020 riri
1015 3968 1114 4021 summi
1131 3969 1238 4023 conica·
1301 3954 1304 3960 ’

83 4057 162 4109 turae
180 4069 262 4124 quarn
280 4054 315 4108 ob
334 4067 444 4108 cansam
462 4051 634 4107 subscribere
651 4064 792 4119 nequeam,
810 4064 844 4104 ex
861 4051 900 4105 eis
918 4065 989 4119 qnae
1007 4065 1091 4120 snpra
1102 4051 1238 4122 disputrui

82 4137 195 4193 adfatim
212 4137 309 4193 elucet.
