3270 4968
318 369 358 428 56
744 367 927 436 Engelbertus
945 366 1052 436 Drerup

313 543 334 607 s.
358 545 421 606 69⁸.
446 543 525 607 XIII
550 544 605 606 12:
628 539 808 638 ποιητικὸν
832 546 970 624 πρᾶγμα
993 541 1089 606 καλεῖ
1110 538 1172 622 την
1190 536 1371 626 ῥητορικὴν
1387 536 1475 620 πρὸς

315 638 573 727 άντιδιαστολην
588 649 654 708 τῶν
678 644 719 708 κδ
743 648 926 725 στοιχείων,
949 638 988 729 ἣν
1011 643 1108 707 καλεῖ
1130 646 1334 726 τεταγμένην
1356 645 1474 725 τέχνην
1597 663 1598 668 ’

314 745 388 822 (hac
410 753 501 812 tenus
524 746 622 812 etiam
645 749 695 825 A)
718 738 787 812 άπὸ
818 751 877 810 τοῦ
905 743 1069 826 τετάχθαι
1099 746 1154 810 καὶ
1185 739 1345 820 ὡσαύτως
1374 742 1472 823 ἔχειν.

316 849 336 913 l.
362 850 425 913 85².
449 849 512 913 XII
535 852 586 914 46.
610 846 772 914 ἐντεῦθεν
800 846 839 912 τὸ
871 845 1123 933 δημοσθινικδν
1151 853 1257 911 ταῦτα
1286 843 1350 931 γὰρ
1380 829 1472 908 άθλα
1598 855 1600 870 ¹

315 957 374 1014 τοῦ
397 950 546 1033 πολέμου
571 961 688 1016 κεῖται.
733 952 754 1017 f.
779 949 843 1018 85l.
868 953 886 1030 5
911 953 961 1016 49.
991 953 1218 1026 πεντακοσίας
1244 945 1412 1032 μυριάδας
1433 944 1471 1010 τὸ

318 1049 462 1132 σύμπαν,
496 1051 534 1116 τὸ
565 1051 601 1119 δὲ
635 1050 780 1133 μάχιμον
815 1051 1048 1138 ἑβδομήκοντα
1081 1049 1259 1136 μυριάδας.
1303 1053 1324 1118 f.
1349 1053 1413 1116 86⁸.
1436 1047 1471 1115 ἐκ

315 1154 414 1220 τοῦδε
438 1161 498 1220 τοῦ
522 1161 785 1240 παναθηναικοῦ
807 1155 864 1220 καὶ
887 1161 947 1220 τοῦ
969 1161 1200 1240 πανηγυρικοῦ
1230 1149 1248 1218 δ
1278 1150 1472 1237 άριστελδης

316 1255 576 1343 παναθηναικὸν
600 1259 615 1323 ὲ
635 1259 676 1337 (δ)
699 1255 803 1322 πλέον
834 1252 853 1342 ἢ
883 1255 963 1322 ὅσον
997 1255 1089 1323 ἐστὶν
1123 1257 1240 1340 λαβεῖν
1274 1252 1375 1319 ἄλλον
1408 1250 1471 1318 ἀπ’

316 1357 418 1428 ἄλλου
442 1357 651 1448 ἐξυφανθεὶς
680 1358 883 1444 ἐγνωρίσθη.
929 1362 951 1426 f.
976 1359 1041 1426 86¹³.
1065 1358 1103 1425 ἐκ
1133 1358 1253 1424 τούτου
1283 1355 1387 1422 πάλιν
1416 1355 1472 1420 τὸν

317 1461 444 1528 οἰκεῖον
477 1460 739 1548 παναθηναικὸν
771 1457 789 1526 ὁ
819 1459 1015 1548 δριστείδης
1050 1461 1278 1528 διαποικίλλει
1311 1462 1368 1526 καὶ
1401 1469 1473 1536 ταῖς

317 1569 447 1648 λέξεσιν
471 1569 596 1648 μᾶλλον
618 1562 640 1652 ἢ
661 1579 733 1643 τοῖς
757 1565 920 1654 νοήμασιν
944 1565 1169 1646 ἓξαλάττεται.

404 1672 552 1755 Denique
574 1677 609 1737 ut
631 1670 752 1737 codicis
771 1673 800 1734 Θ
816 1671 849 1735 in
869 1692 913 1736 or.
930 1671 958 1734 V
974 1670 1138 1751 lectiones,
1162 1689 1242 1752 quas
1258 1668 1475 1733 Buermannus

319 1774 352 1838 ln
374 1773 479 1838 lucem
508 1772 620 1856 edidit,
650 1774 828 1856 suppleam,
857 1772 943 1838 addo
973 1773 1073 1838 verba
1102 1775 1120 1848 §
1144 1773 1184 1834 79
1215 1766 1323 1846 ἄλλως
1352 1761 1475 1834 θ’ὅτυν

321 1893 421 1957 usque
445 1874 488 1939 ad
511 1886 737 1960 καταφρονεῖν
763 1882 895 1959 propter
917 1874 1197 1941 homoeoteleuton
1227 1874 1345 1940 omissa
1373 1874 1477 1957 prima

321 1997 417 2041 mauu
441 1977 473 2041 in
504 1978 649 2059 margine
677 1977 841 2060 adscripta
870 1985 998 2044 exstrue
1027 1976 1076 2042 his
1108 1978 1237 2060 quidem
1268 1977 1477 2042 varietatibus

322 2079 437 2145 illatis:
460 2103 496 2161 με
522 2075 601 2143 ὅταν
624 2115 666 2125 -
689 2077 796 2164 ἑαυτη]
821 2079 960 2164 συνίδῃς
982 2116 1023 2127 -
1046 2076 1090 2164 μη
1116 2100 1177 2144 om.

672 2267 825 2350 Copiae
847 2267 1123 2335 Victorianae.

407 2387 625 2454 Buermannus
662 2394 831 2472 postquam
867 2387 908 2453 de
943 2387 1056 2453 codice
1088 2386 1182 2453 Laur.
1220 2388 1250 2450 Θ
1284 2386 1360 2470 egit,
1399 2384 1480 2450 haec

322 2488 463 2554 addidit:
498 2488 764 2564 „Nachkommen
787 2490 866 2556 oder
889 2488 1009 2556 nithere
1033 2488 1226 2555 Verwandte
1249 2509 1313 2555 von
1347 2489 1377 2550 Θ
1406 2487 1478 2552 sind

323 2589 412 2655 nicht
434 2589 631 2657 vorhaudeu.
677 2593 744 2657 Der
766 2591 879 2657 (lodex
902 2589 987 2658 steht
1009 2590 1178 2657 innerhalb
1201 2591 1259 2657 der
1273 2591 1414 2673 Vulgata
1431 2591 1480 2656 als

324 2691 466 2772 einaiger
487 2691 651 2759 Vertretcr
672 2695 778 2760 seines
802 2693 950 2776 Zwaiges
974 2693 1048 2759 da.“
1086 2691 1188 2770 Quam
1205 2694 1396 2760 sententiam
1412 2693 1479 2757 uni·

325 2813 452 2860 versam
475 2816 539 2861 non
561 2815 655 2878 nego,
678 2797 830 2879 quoniam
860 2796 1004 2862 codicem
1028 2817 1101 2862 cum
1126 2798 1155 2860 Θ
1186 2796 1388 2862 coniunctum
1416 2815 1479 2860 non

325 2897 462 2961 inveniri
491 2897 730 2963 concedendum
760 2905 817 2964 ost.
862 2897 928 2964 Sed
957 2919 1029 2964 cum
1064 2897 1176 2964 codice
1208 2901 1237 2962 Θ
1267 2897 1481 2964 conferendae

325 3004 399 3063 sunt
421 2999 545 3082 copiae,
569 3019 652 3082 quae
668 3000 815 3066 dicuntur
831 2999 1046 3086 victorianae,
1069 3021 1148 3083 quas
1165 3001 1311 3066 Baiterus
1330 3001 1363 3064 in
1378 3001 1480 3084 praef.

325 3098 368 3164 ad
390 3099 509 3183 Paneg.
533 3101 706 3167 editionem
729 3122 760 3184 p.
784 3102 922 3181 XlllXV
944 3102 1065 3188 publici
1094 3103 1173 3169 iuris
1201 3103 1287 3169 fecit.
1332 3102 1481 3168 Baiterus

327 3202 421 3285 enim,
445 3204 498 3285 qui
518 3203 590 3286 ipse
606 3202 776 3280 dubitaret,
800 3211 903 3269 utrum
928 3225 969 3270 ex
987 3225 1049 3271 uno
1065 3226 1106 3271 an
1122 3225 1140 3270 e
1156 3205 1300 3287 pluribus
1316 3204 1482 3270 codicibus

326 3324 347 3368 a
367 3303 403 3368 Ρ.
426 3304 570 3371 Victoria
593 3306 626 3369 in
649 3306 829 3390 exemplari
852 3326 909 3372 suo
932 3307 1082 3373 editionis
1105 3307 1244 3374 Aldinae
1267 3307 1403 3389 margini
1425 3306 1481 3370 ad-

326 3412 456 3472 notatae
479 3413 594 3490 essent,
623 3406 724 3473 nihilo
746 3409 845 3474 setius
876 3428 931 3475 eas
960 3409 1160 3486 „subsidium
1188 3429 1229 3476 ne
1260 3408 1320 3475 hoc
1349 3408 1482 3492 quidem

327 3508 563 3591 spemendunn¹⁴
606 3509 650 3601 ad
692 3515 815 3575 textum
859 3510 1009 3578 Isocratis
1056 3511 1312 3578 constituendum
1359 3510 1482 3576 habuit.

328 3608 483 3687 Quaestio
504 3632 588 3679 nnnc
615 3614 648 3677 in
677 3631 747 3678 eam
775 3619 901 3696 partam
931 3613 1061 3680 decerni
1094 3620 1209 3698 potest,
1243 3621 1278 3679 ut
1305 3613 1482 3679 VictorIum

328 3712 453 3778 dnobus
476 3713 641 3781 codicibus
664 3734 755 3780 usum
783 3734 854 3782 esse
877 3716 1116 3793 contendamus,
1145 3735 1185 3780 ex
1215 3711 1330 3799 quibus
1359 3716 1483 3781 altere

329 3813 442 3880 codice
474 3815 627 3882 Vaticano
656 3822 695 3879 A
725 3817 887 3899 oriundus,
920 3820 1001 3884 alter
1030 3839 1071 3885 ex
1100 3817 1212 3885 codice
1240 3817 1335 3883 Laur.
1367 3818 1397 3880 Θ
1427 3819 1483 3883 de-

329 3917 466 3998 scriptus
487 3921 543 3980 aut
565 3919 634 4002 ipse
657 3917 761 3985 codex
786 3922 816 3983 Θ
838 3926 916 3987 erat.

415 4016 528 4084 (lodex
553 4021 582 4083 Θ
605 4026 711 4086 autem
734 4020 899 4089 adhibitus
922 4028 971 4089 est
998 4023 1031 4088 iu
1053 4023 1391 4107 Panegyrioo‚‘quem
1419 4025 1484 4108 pri-

329 4139 416 4185 mum
449 4125 550 4186 tracto
587 4123 759 4189 collatione
796 4124 917 4210 codicis
954 4127 984 4188 Θ
1017 4127 1122 4206 nisus,
1159 4144 1256 4207 quam
1289 4126 1485 4193 Buermauni
