3134 4986
504 407 684 475 Quaestioues
699 359 907 464 Posidonianuo.
1219 411 1281 472 385

114 578 245 645 excussi
272 585 355 646 sunt
398 580 507 664 Atque
538 586 710 648 contextus
732 581 929 650 Petavianus
951 585 1036 657 lnam
1059 583 1210 650 Halmam
1232 585 1280 650 nil

117 683 236 759 moror)
259 700 355 764 quam
377 683 540 750 sublestae
561 681 639 750 fidei
661 683 703 749 sit
725 702 887 767 quamque
910 683 1118 752 vehementer
1140 686 1214 751 libri
1237 687 1280 752 ab

116 801 157 848 eo
180 782 335 850 recedant
356 785 468 867 paucis
491 783 551 852 sed
573 783 749 850 admodum
771 785 942 852 luculentis
964 787 1125 870 exemplis
1140 787 1282 854 ostendit

116 884 161 950 Μ.
185 883 220 950 O.
244 884 280 950 P.
303 883 452 952 Schmidt
484 887 517 952 in
553 880 684 954 ‘Philol
706 878 978 954 Wochensehrilt'
1002 888 1068 954 vol.
1090 887 1140 953 111
1167 907 1214 954 nr.
1238 891 1279 953 27

116 1007 151 1072 p.
174 988 248 1052 837.
288 987 410 1054 Iustam
433 995 541 1055 antem
564 1007 712 1072 quaeque
735 988 884 1055 omuibus
905 989 1047 1056 numeris
1067 989 1217 1055 absoluta
1239 991 1282 1056 sit

118 1094 220 1172 atque
238 1087 382 1173 perfecta
397 1089 572 1157 editionem
587 1109 665 1156 mox
679 1109 739 1156 nos
753 1096 895 1157 tenturos
911 1110 1066 1173 auguror:
1088 1110 1163 1156 uam
1178 1091 1280 1156 Mani·

116 1191 216 1272 tium,
244 1191 351 1258 virum
381 1191 678 1258 mathematicorum
701 1191 898 1258 Graecorum
927 1192 958 1257 iu
989 1193 1102 1276 paucis
1124 1192 1279 1276 peritissi-

117 1313 223 1376 mum,
256 1295 312 1376 qui
333 1293 515 1378 Hipparchi
540 1287 731 1376 ‘Exegesin’
763 1313 867 1378 nuper
898 1294 932 1358 iu
965 1295 1070 1360 lucem
1103 1292 1218 1378 emisit,
1247 1295 1281 1358 in

117 1394 309 1461 adornanda
323 1395 536 1462 Geminiauae
548 1386 825 1462 ‘Introductionis'
845 1395 987 1462 editione
1002 1403 1193 1480 occupatum
1210 1414 1281 1462 esse
1355 1471 1358 1476 ,

116 1495 226 1565 audio.
1289 1553 1291 1560 ,

206 1599 321 1684 Neque
336 1617 415 1664 vero
437 1599 503 1664 iam
518 1597 612 1664 nobis
627 1597 838 1665 dimittendus
853 1605 902 1666 est
916 1601 1156 1682 meteorologus
1172 1597 1280 1665 Gemi·

117 1721 198 1784 nus;
221 1706 343 1768 restant
366 1700 450 1765 enim
474 1719 538 1765 non
560 1699 669 1764 nullae
691 1699 732 1765 de
756 1719 795 1766 eo
817 1702 1056 1768 controversiae
1079 1698 1165 1785 quas
1183 1721 1281 1786 expe-

117 1803 193 1870 dire
215 1809 271 1868 aut
286 1802 430 1868 indicare
445 1803 560 1868 saltem
577 1803 851 1885 operaepretium
867 1821 938 1869 esse
954 1803 1047 1870 duco.
1080 1802 1281 1870 Gravissima

118 1913 230 1974 autem
253 1904 401 1989 quaestio
424 1910 473 1970 est
494 1922 654 1986 quaenam
674 1903 757 1968 ratio
778 1904 863 1969 inter
877 1905 1045 1972 Geminum
1062 1912 1281 1972 astronomum

121 2029 181 2076 sen
213 2006 467 2088 meteorologum
500 2012 533 2072 et
561 2003 706 2072 eiusdem
734 2007 874 2074 nominis
902 2007 1162 2074 mathematicum
1184 2007 1281 2073 inter·

121 2111 227 2178 cedat
264 2108 315 2173 De
338 2126 403 2191 qua
418 2108 606 2191 quaestione
621 2126 683 2190 ego
698 2108 859 2191 principio
874 2110 909 2174 in
922 2112 1032 2176 animo
1049 2109 1208 2176 habebam
1224 2108 1280 2174 de-

121 2212 245 2280 cidere:
268 2229 341 2276 cnm
363 2229 442 2274 vcro
460 2208 533 2275 Car.
548 2209 648 2275 distel
662 2211 801 2276 amicum
818 2211 905 2277 idem
920 2212 1026 2278 moliri
1041 2212 1280 2296 comperissem,

120 2314 292 2384 consilium
315 2312 420 2378 abieci
443 2313 497 2377 vel
518 2312 626 2394 potius
649 2311 818 2378 immutavi
839 2314 1028 2396 paullulum.
1073 2313 1173 2380 Missa
1195 2314 1281 2379 euim

119 2415 325 2484 adcuratiore
348 2414 436 2480 illius
459 2413 658 2497 quaestionis
681 2415 870 2480 tractatione
893 2434 933 2481 ea
955 2420 1077 2480 tantum
1096 2415 1192 2480 modo
1208 2434 1280 2499 pro·

120 2520 208 2586 ferre
231 2516 380 2584 constitui
396 2534 481 2600 qnae
495 2535 562 2580 rom
578 2516 689 2599 paullo
704 2517 810 2582 acrius
826 2517 1022 2582 intuentibus
1037 2523 1151 2599 suapte
1166 2521 1282 2600 sponte

123 2641 198 2688 sese
222 2617 404 2685 obtrudant.
441 2617 486 2684 Ut
508 2619 617 2684 statim
640 2617 747 2684 dicam
770 2617 954 2702 quaemihi
977 2618 1059 2684 ratio
1074 2618 1157 2683 inter
1172 2617 1281 2683 Gemi·

121 2742 201 2788 num
219 2719 481 2786 mathematicum
498 2725 531 2786 et
545 2726 762 2786 astronomum
778 2740 850 2786 essa
865 2720 1024 2804 videatur,
1047 2720 1153 2785 nullus
1169 2717 1282 2785 dubito

120 2824 201 2909 quin
228 2821 282 2887 hic
304 2820 390 2886 idern
412 2823 454 2888 sit
474 2830 573 2904 atque
594 2823 660 2888 ille.
705 2821 800 2900 Quod
821 2829 856 2887 nt
878 2821 1008 2889 credam
1031 2822 1132 2888 tribus
1154 2821 1283 2905 potissi·

121 2946 212 2993 mum
235 2924 341 2990 causis
363 2923 516 2990 adducor„
546 2923 653 3008 Atque
668 2925 808 3008 primum
824 2924 955 3008 quidem
970 2925 1137 3008 utriusque
1152 2923 1283 2990 Gemini

121 3024 305 3095 disserendi
328 3025 411 3089 ratio
433 3025 607 3092 simillima.
652 3025 777 3091 Maiora
799 3027 885 3093 enim
907 3026 1037 3092 Gemini
1060 3024 1283 3091 mathematici

123 3131 304 3213 scripturae
327 3125 429 3192 frusta
450 3133 642 3193 conservata
664 3129 796 3211 egregio
818 3129 876 3194 illo
895 3129 1120 3213 exquisitaque
1137 3127 1284 3194 doctrina

121 3229 280 3298 adfluenti
306 3227 412 3293 Procli
434 3227 596 3295 Diadochi
618 3227 651 3293 in
674 3230 763 3296 Eucl.
782 3223 907 3296 ‘illem'
938 3230 1055 3295 librum
1077 3229 1094 3293 Ι
1122 3247 1283 3295 commen-

122 3333 208 3400 tario
229 3350 291 3397 noc
313 3349 379 3394 non
398 3322 518 3396 ‘Variis
540 3331 654 3396 incerti
676 3333 817 3398 auctoris
839 3327 1106 3398 conlectiouibus'
1131 3331 1173 3396 ab
1190 3330 1283 3395 Hult·

124 3421 217 3503 schlo
247 3432 389 3498 etribus
412 3432 502 3498 libris
526 3432 681 3499 Parisinis
703 3434 736 3498 in
759 3435 849 3500 calce
872 3433 1024 3499 editionis
1046 3431 1185 3499 Heronio
1207 3433 1283 3498 Ale·

123 3534 278 3604 xandrini
307 3534 425 3610 (Berol.
457 3535 552 3610 1864)
590 3537 750 3618 evolgatis
790 3538 846 3620 qui
881 3536 935 3602 vel
965 3536 1082 3601 cursim
1110 3535 1285 3618 perlegerit

125 3637 324 3720 singularem
347 3635 534 3720 disputandi
556 3639 714 3704 rationem
736 3637 914 3704 admiratus
936 3638 1006 3703 erit.
1040 3637 1114 3704 Nou
1136 3643 1202 3704 tam
1218 3655 1283 3704 ser·

125 3758 255 3806 monem
278 3744 397 3803 tersum
420 3745 453 3803 et
467 3739 663 3804 luculentum
679 3759 831 3822 premam,
847 3759 944 3822 quam
959 3740 1178 3806 morositatem
1194 3740 1284 3805 illam

125 3843 362 3922 molestamque
395 3859 499 3924 paene
532 3840 722 3923 diligentiae
755 3842 999 3924 perversitatem
1034 3861 1098 3926 qua
1130 3843 1284 3909 Geminus

125 3946 276 4011 notiones
309 3941 553 4008 mathematicas
587 3942 728 4008 dissecat
755 3942 978 4025 dissectusque
1006 3944 1189 4028 discerpere
1219 3963 1284 4009 nou

126 4047 269 4114 desistit.
324 4042 542 4111 Consimiliter
577 4050 740 4110 auctorem
775 4035 1058 4112 ‘Introductionis’
1099 4045 1214 4110 mirum
1252 4049 1285 4108 et

124 4148 291 4231 singulare
313 4145 454 4212 studium
476 4146 660 4214 notionibus
681 4147 904 4214 astronomicis
927 4143 1144 4214 dissoluendis
1161 4147 1283 4229 impen-
