3134 4986
134 427 210 496 Quae
228 428 298 484 ratic
316 429 467 486 intercedat
483 431 553 484 inter
564 429 715 484 Vitruvium
734 434 761 485 et
772 430 942 486 Athenaeum
960 431 1155 488 mechanicum.
1192 431 1255 491 325

99 601 191 667 euius
220 602 357 669 altitudo
386 604 490 670 fuerat
518 602 639 688 pedum
669 603 838 688 dxxxv,
870 604 1008 671 latitudo
1037 603 1157 690 pedum
1186 605 1255 670 LX.

97 700 198 786 (llam
227 705 342 772 ciliciis
365 711 398 772 et
418 705 514 772 coriis
537 705 645 774 crudis
667 701 885 784 confirmavit>
907 712 942 773 ut
963 712 1074 791 posset
1094 707 1165 791 pati
1186 708 1254 790 pla-

98 825 173 888 gam
195 806 321 890 lapides
344 807 475 875 ballista
496 808 631 875 immissi
654 808 762 892 pondo
785 805 924 876 CCCLX
946 805 1037 895 <ipsa
1059 815 1167 876 autem
1188 830 1255 876 ma·

98 907 196 974 ehina
223 909 329 975 fuerat
356 910 448 974 milia
475 909 583 994 pondo
607 909 756 978 ccebx.
802 911 883 978 Cum
910 917 1018 978 autem
1052 910 1173 978 Gallias
1206 933 1256 980 ro·

97 1016 230 1094 geretur
244 1012 286 1076 ab
302 1011 448 1097 Rhodiis,
461 1018 496 1078 ut
510 1019 621 1080 eontra
636 1034 708 1080 eam
730 1013 907 1098 helepolim
923 1013 1105 1081 machinam
1126 1022 1256 1100 pararet

98 1121 130 1180 et
147 1121 183 1179 ut
206 1115 308 1298 illar>n,
330 1115 377 1180 uti
398 1115 562 1199 pollicitus
585 1123 663 1201 erat,
686 1118 873 1185 transferret
894 1117 978 1184 intra
999 1137 1135 1201 murum,
1158 1137 1254 1202 nega·

97 1217 144 1282 vit
166 1235 291 1300 posse.

182 1627 257 1694 Non
273 1627 358 1693 enim
381 1628 490 1694 omnia
512 1628 635 1696 eisdem
658 1629 835 1696 rationibus
857 1630 911 1712 agi
933 1636 1076 1713 possunt,
1100 1629 1158 1697 sed
1180 1637 1254 1698 sunt

95 1731 177 1815 alia,
213 1749 296 1814 quae
320 1731 560 1815 exemplaribus
588 1751 653 1797 non
686 1732 811 1816 magnis
845 1732 992 1798 similiter
1022 1753 1139 1816 magua
1166 1734 1254 1800 faeta

96 1831 218 1899 babent
248 1831 396 1916 effectus,
425 1833 492 1898 alia
520 1837 627 1899 autem
657 1834 857 1918 exemplaria
879 1854 943 1900 non
965 1840 1100 1918 possunt
1121 1833 1252 1917 habere,

96 1934 154 2001 sed
176 1955 237 2020 per
260 1955 295 2001 se
318 1936 566 2020 constituuntur,
595 1937 749 2002 nonnulla
771 1956 849 2003 vero
871 1942 959 2018 sunt,
984 1956 1066 2020 quae
1089 1938 1122 2002 in
1144 1957 1251 2004 exem·

95 2038 242 2121 pleribus
268 2037 419 2104 videntur
440 2039 510 2105 veri
532 2039 662 2123 similia,
685 2059 758 2106 eum
780 2045 888 2106 autem
911 2059 1055 2107 erescere
1079 2047 1253 2126 coeperunt

96 2141 292 2208 dilabuntur.

176 2552 241 2637 <Ut
263 2551 361 2618 etiam
383 2569 554 2636 possumus
577 2547 631 2616 hic
652 2547 920 2616 animadvertere.
959 2549 1154 2618 Terebratnr
1169 2557 1249 2619 tere·

93 2655 150 2721 bra
177 2655 325 2722 foramen
353 2652 570 2736 semidigitale
598 2652 733 2736 digitale
763 2651 1018 2736 sesquidigitale.
1071 2653 1106 2719 Si
1135 2655 1249 2721 eadem

93 2759 218 2824 ratione
241 2757 437 2822 voluerimus
459 2755 604 2838 palmare
626 2755 749 2839 faeere,
782 2775 847 2822 non
870 2754 968 2821 habet
991 2757 1249 2840 explicationem,

94 2858 293 2945 semipedale
308 2864 364 2925 eut
385 2859 488 2924 maius
510 2877 552 2924 ne
575 2857 782 2942 cogitandum
805 2857 936 2942 quidem
958 2858 1087 2925 videtur
1110 2860 1248 2926 omnino.

94 2963 147 3031 Sic
162 2965 241 3031 item
257 2963 289 3028 in
312 2961 459 3028 nonnulis
483 2961 722 3045 exemplaribus
744 2960 873 3028 videtur
894 2960 1164 3044 quemadmodum
1184 2961 1189 3042 Ι
1209 2963 1242 3027 in
1255 2983 1403 3040 vinacea.

94 3067 234 3132 minimis
255 3063 326 3132 fieri
347 3073 445 3148 atque
470 3063 585 3131 eodem
607 3063 704 3132 modo
726 3065 760 3128 in
782 3060 1002 3146 maioribusl>

176 3164 246 3252 <Ita
269 3166 383 3234 eodem
406 3165 502 3232 modo
525 3165 646 3234 Rhodii
668 3166 783 3234 eadem
805 3167 929 3233 ratione
952 3166 1081 3252 decepti
1102 3166 1250 3234 iniuriam

96 3292 165 3338 cum
188 3270 386 3338 contumelia
404 3269 565 3353 Diogneto
588 3271 741 3337 fecerunt
787 3271 901 3354 Itaque
922 3275 1135 3353 posteaquam
1159 3268 1248 3337 vide·

95 3380 167 3440 runt
180 3373 306 3442 hostem
329 3373 537 3457 pertinaciter
558 3373 719 3456 infestum,
742 3373 921 3456 perieulum
944 3370 1106 3439 servitutis
1129 3370 1248 3439 maehi-

95 3477 225 3544 natione
253 3476 297 3542 ad
326 3475 517 3560 capiendam
546 3476 659 3542 urbem
680 3480 877 3560 comparata,
901 3475 1086 3542 vastitatem
1109 3475 1249 3542 civitatis

97 3577 357 3663 exspectandam,
380 3577 619 3662 procubuerunt
634 3578 797 3662 Diogneto
812 3583 973 3661 rogantes,
990 3583 1025 3643 ut
1038 3577 1250 3644 auxiliaretur

97 3681 228 3762 patriae.
265 3681 298 3748 ls
314 3681 417 3765 primo
439 3681 573 3763 negavit
594 3700 630 3748 se
651 3681 819 3748 facturum.
850 3679 1066 3764 Posteaquam
1090 3681 1250 3764 ingenuae

97 3783 236 3867 virgines
253 3790 285 3851 et
299 3782 418 3868 ephebi
434 3804 506 3851 cum
522 3782 743 3851 sacerdotibus
759 3787 916 3850 venerunt
933 3783 975 3849 ad
999 3781 1248 3867 deprecandum,

97 3890 170 3954 tunc
192 3894 241 3956 est
262 3887 424 3972 pollicitus
447 3884 498 3954 bis
522 3886 659 3970 legibus,
681 3887 729 3952 uti
751 3887 779 3954 si
802 3906 875 3954 eam
896 3885 1078 3953 machinam
1100 3886 1249 3971 cepisset,

98 4008 154 4055 sua
177 3996 270 4058 esset.
314 3991 347 4057 Is
369 3991 416 4056 ita
437 3989 628 4074 constitutis,
658 4008 723 4072 qua
744 3988 894 4057 maehina
916 4007 1086 4056 accessura
1108 3995 1186 4072 erat,
1211 4007 1251 4055 ea

98 4093 226 4174 regione
256 4113 381 4160 murum
408 4093 551 4178 pertudit
579 4098 612 4160 et
642 4092 736 4160 iussit
757 4112 866 4159 omnes
889 4091 1019 4177 publice
1041 4098 1075 4158 et
1096 4092 1249 4176 privatim

99 4195 183 4276 quod
195 4199 330 4281 quisque
346 4195 512 4264 habuisset
526 4215 641 4280 aquae,
658 4197 818 4279 stercoris,
840 4196 899 4263 luti
916 4215 974 4279 per
990 4214 1061 4260 eam
1077 4193 1248 4326 lenestram

1041 4297 1073 4348 aa
