3270 4968
465 379 507 434 De
524 379 648 437 codicum
665 383 864 437 isocrateorum
881 381 1053 436 auctoritate.
1293 383 1334 442 35

266 552 297 617 11
330 554 381 618 49.
417 543 618 630 decoctoris:
652 549 818 631 ἀκουστὸς
850 557 883 618 A
912 574 971 639 pr.,
1006 549 1174 633 ἇκοοοτάς
1208 573 1287 624 corr.
1318 561 1335 621 3

180 655 267 716 --Ε
287 673 346 738 pr,
370 675 450 722 corr.
475 661 504 723 2.

266 757 310 823 IV
339 758 390 823 68.
420 758 619 841 νομίζοντας
648 779 709 826 om.
739 759 788 822 Aa
809 779 867 844 ρτ,
899 757 1081 836 δοκοῦντας
1109 761 1142 826 in
1170 781 1233 846 mg.
1260 761 1336 829 add.

181 860 258 921 3=
272 858 350 924 Εα.

266 961 344 1026 VIII
366 963 415 1028 88.
439 965 606 1048 φρατρίας
628 965 661 1026 A
680 983 738 1046 ρτ,
769 965 915 1048 φατρίας
938 983 1017 1030 corr.
1042 965 1118 1027 3=
1133 967 1170 1048 E,
1202 984 1282 1049 quas
1305 973 1338 1034 et

182 1061 270 1146 ipsas
293 1063 417 1130 librarii
438 1064 566 1132 libidini
590 1064 701 1132 deberi
724 1064 914 1150 putaverim,
938 1085 1033 1148 qoem
1053 1065 1173 1134 codicis
1189 1068 1336 1135 Vaticani

182 1171 393 1232 correctorem
423 1170 442 1232 3
476 1167 616 1234 nondum
651 1169 841 1251 cognovisse
875 1168 1052 1235 verisimile
1076 1175 1134 1252 est,
1168 1189 1240 1235 oum
1273 1190 1337 1236 non

181 1266 285 1332 solnm
306 1267 346 1334 iis
375 1269 465 1353 locis,
500 1269 615 1352 quibus
644 1270 741 1336 lectio
763 1269 887 1352 primae
909 1290 1022 1336 manus
1050 1270 1199 1354 indagari
1220 1276 1336 1357 potest,

184 1370 373 1436 correctoris
397 1375 415 1437 3
439 1371 679 1438 emendationes
702 1372 859 1456 probatae
881 1391 945 1438 non
975 1373 1048 1455 sint,
1079 1371 1137 1438 sed
1165 1373 1261 1440 etiam
1291 1373 1337 1438 in-

181 1471 360 1556 veniantur,
384 1473 499 1556 quibus
521 1474 676 1541 lectiones
698 1474 822 1560 primae
845 1493 967 1556 manus,
997 1493 1080 1558 quae
1103 1474 1247 1541 radendo
1269 1496 1336 1542 mu·

183 1577 270 1639 tatae
292 1593 355 1639 non
377 1581 525 1657 poterant
552 1577 614 1643 nisi
636 1578 820 1644 coniectura
847 1575 990 1662 reperiri,
1019 1583 1169 1660 receptae
1197 1577 1261 1644 sint
1288 1585 1337 1644 ut:

268 1675 344 1741 VIII
366 1679 417 1743 21.
440 1674 476 1742 ἐν
491 1687 566 1754 ταῖς
587 1677 648 1759 μὲν
672 1681 804 1742 E==A
823 1699 882 1763 ρι’,
905 1689 979 1755 ταῖς
1003 1678 1154 1746 deletum.
1199 1681 1249 1745 69.
1279 1663 1337 1745 οὖν

183 1771 221 1840 οὐ
244 1780 327 1842 E=
350 1781 383 1842 A
401 1799 459 1863 pn,
494 1775 531 1844 οὐ
565 1801 646 1848 eras.
692 1783 742 1846 85.
777 1777 1068 1865 ἐξαμαρτάνοντας
1101 1783 1131 1846 E
1149 1809 1192 1832 =
1212 1785 1245 1846 A
1278 1803 1337 1868 pr.,

183 1876 430 1962 ἐξαμαρτόντας
453 1883 485 1948 in
508 1903 569 1950 ras.
593 1903 671 1949 corr.
696 1885 725 1948 3.
772 1885 843 1949 116.
865 1881 1047 1960 πλείστους
1070 1885 1099 1948 Ε
1113 1910 1155 1936 ==
1169 1886 1202 1948 A
1214 1904 1272 1969 pn,
1297 1907 1338 1950 στ

184 1970 264 2048 eras.
301 1985 371 2050 118.
388 1983 514 2060 πέλτας
529 1989 595 2048 τιῡν
611 1987 641 2048 Ε
653 2013 696 2037 =
711 1989 813 2069 Apa,
831 1985 1024 2052 πελταστῶν
1040 2007 1121 2053 corr.
1137 1988 1167 2051 3.
1205 1989 1274 2053 120.
1291 1979 1336 2052 ὦν

182 2086 212 2147 Ε
225 2113 267 2135 =
282 2088 314 2148 A
333 2105 391 2170 pr.,
415 2081 455 2163 ἃς
471 2088 504 2152 in
518 2107 580 2154 ras.
597 2107 676 2154 corr.
693 2090 721 2152 3.
768 2090 838 2153 142.
862 2084 995 2171 sinopes
1010 2091 1039 2153 E
1052 2116 1094 2140 =
1108 2091 1141 2151 A
1156 2108 1215 2174 ρτ,
1239 2087 1336 2173 εἴπερ

181 2186 250 2252 rad.
274 2207 353 2254 corr.
378 2193 407 2255 3.
786 2241 790 2250 .

269 2288 391 2368 Quibus
414 2293 519 2358 causis
547 2293 716 2376 perpensis
738 2293 772 2357 in
800 2311 872 2358 cam
900 2293 1091 2359 sententiam
1120 2291 1274 2377 adducor,
1304 2301 1338 2360 ut

184 2391 328 2458 codicem
343 2395 590 2461 Ambrosianum
613 2414 655 2461 ex
670 2395 741 2478 ipso
757 2393 869 2462 codice
886 2394 1040 2462 Vaticano
1055 2394 1250 2478 descriptum
1266 2415 1338 2462 esse

184 2495 324 2578 credam,
348 2497 554 2580 quamobrem
578 2495 782 2564 comoediae
806 2495 962 2564 Vaticano
985 2515 1004 2562 e
1026 2495 1173 2563 codicum
1196 2516 1337 2581 numero,

183 2596 238 2679 qui
260 2596 302 2662 ad
324 2597 499 2665 Isocratem
521 2597 751 2666 restituendum
773 2597 891 2682 valent,
914 2596 1129 2664 removendus
1151 2604 1209 2664 est.

269 2699 385 2766 Paucis
418 2708 525 2768 tamen
558 2706 752 2768 correctores
786 2699 907 2767 codicis
941 2699 1146 2766 Ambrosiani
1178 2700 1337 2767 tractandi

182 2801 341 2885 videntur,
365 2805 420 2886 qui
442 2809 507 2870 tres
530 2802 767 2886 discernentem
797 2803 982 2886 intorques
1008 2802 1128 2886 primus
1156 2802 1337 2871 laudandus

138 2981 140 2988 y
184 2910 234 2970 est
255 2904 404 2984 librarius
426 2905 497 2988 ipse
520 2907 575 2985 (1),
603 2906 659 2988 qni
687 2903 806 2970 menda
827 2904 928 2988 ipsius
959 2905 1108 2972 socordia
1136 2905 1228 2972 illata
1255 2906 1338 2972 inter

183 3006 388 3073 scribendum
411 3005 597 3073 emendavit
618 3013 651 3072 et
671 3012 785 3092 postea
806 3005 983 3093 archetypo
1006 3008 1094 3076 nisus
1123 3007 1267 3075 codicem
1288 3027 1337 3075 rc·

103 3119 104 3122 ’
183 3109 372 3176 tractavisse
387 3112 523 3180 videtur.
568 3107 634 3175 Sed
654 3129 725 3175 cnm
747 3109 909 3176 nonnullis
932 3110 1012 3178 locis
1034 3131 1144 3178 veram
1166 3111 1337 3178 lectionem

182 3211 317 3278 Isocrati
338 3210 525 3294 reddiderit,
548 3216 597 3276 ut:

270 3313 315 3379 IV
331 3316 382 3380 69.
398 3309 695 3395 κατόρθωοανῘΔΕ
704 3334 762 3398 ρι’,
774 3309 1008 3396 κατώρθωσαν
1022 3333 1101 3380 corr.
1119 3317 1146 3376 1.
1171 3315 1221 3378 70.
1234 3332 1337 3396 προσ·

184 3419 344 3498 ηνοῦντες
366 3419 426 3480 AE
453 3435 512 3500 pn,
545 3419 808 3499 προσοικοῦντες
831 3436 909 3484 corr.
936 3421 964 3498 1,
992 3415 1071 3481 alibi
1094 3413 1215 3482 codicis
1236 3415 1337 3482 verba

183 3517 333 3602 corrupit,
356 3525 404 3585 nt:

267 3621 300 3686 Π
322 3624 372 3688 23.
396 3618 523 3706 ἐξαίρει
545 3623 589 3686 A:
613 3616 708 3702 ἐξαίρ
724 3669 732 3686 .
748 3667 757 3686 .
773 3623 803 3684 Ε
823 3640 881 3704 pr„
905 3616 1051 3703 ἐξαίρειν
1075 3639 1154 3687 corr.
1181 3623 1207 3685 1.

268 3723 316 3788 III
340 3727 368 3790 7.
391 3721 514 3800 κακοὺς
536 3725 596 3788 AE
616 3742 674 3806 ρι’,
698 3719 819 3798 καλοὺς
841 3742 921 3790 corr.
947 3727 974 3788 1.

269 3825 312 3891 IV
335 3829 386 3892 99.
409 3823 505 3892 τότε
528 3822 673 3889 παλαιὸν
696 3824 792 3889 ΔαΕα
814 3844 872 3908 ρο,
895 3846 932 3908 ys
955 3825 989 3890 in
1011 3845 1072 3892 ras.
1096 3844 1176 3892 corr.
1202 3829 1229 3889 1.

269 3928 345 3994 VIII
368 3933 419 3994 60.
441 3926 567 4011 μᾶλλον
589 3929 635 3994 A:
663 3925 789 4008 μᾶλλον
807 3975 963 3993 .......
987 3929 1016 3991 Ε
1043 3947 1101 4011 pn,
1130 3925 1255 4007 μᾶλλον
1287 3923 1337 4002 εἰς

183 4030 234 4097 ἔτι
256 4033 289 4098 in
311 4053 372 4100 ras.
396 4051 476 4099 corr.
500 4035 528 4114 1,
552 4051 616 4114 quo
638 4030 734 4097 facile
757 4029 954 4112 intellegitur
975 4029 1141 4096 librarium
1170 4034 1205 4095 ut
1226 4027 1337 4096 arche·

183 4141 295 4220 typum
318 4141 467 4202 accurate
488 4132 655 4216 redderet,
679 4134 711 4198 in
733 4138 841 4200 mente
863 4151 927 4198 non
950 4129 1110 4200 habuisse.

1146 4234 1161 4284 3
1168 4232 1183 4264 ¹1²
