3170 4984
318 383 383 446 312
756 382 957 438 Μιιὶοιίλίααιιε
976 381 1054 441 Thiel

402 548 439 620 ‘0
456 552 491 618 66
505 545 754 640 τηλικοῦτος’
716 555 808 639 αύτῷ
822 552 949 640 πύργος
968 553 1096 641 ἐγένετο
1118 553 1363 641 εἰκοούστεγος,
1387 580 1484 642 περι·

319 653 494 742 δρύμοος’
480 653 617 742 εχούσης
631 653 771 744 ἑκάστης
783 659 899 743 στέγης
912 654 1020 744 κύκλῳ
1035 657 1165 738 πλάτος
1177 664 1209 724 Γ
1220 659 1336 745 πηχῶν
1348 657 1484 740 ἔχοντας

316 755 432 844 (εἰς
396 783 457 844 την
469 755 685 857 ἐκβοήθησιν
683 759 750 824 τῶν
763 755 1010 844 ἐμπυρισμῶν).
1026 753 1081 844 (Ἡ
1092 758 1129 828 δὲ
1140 759 1258 848 πρώτη
1271 764 1369 848 στέγη
1382 759 1483 843 ἐχέτω

318 859 356 927 τὸ
373 851 463 944 ύψος
477 858 595 948 πήχεις
610 859 680 926 ZC·
709 885 729 946 η
719 854 784 926 ‘66
800 859 939 944 δευτέρα
953 865 1064 944 πέντε,
1080 887 1136 928 και
1124 860 1215 939 ἕως
1233 865 1334 928 πέντε
1358 865 1483 948 στεγῶν

315 961 356 1028 τὸ
381 953 461 1028 αύτύ
478 952 567 1047 ύψος
582 961 842 1084 λαμβανουσῶν·
872 989 907 1029 αι
898 955 956 1028 δ
977 961 1156 1032 ἐπίλοιποι
1169 963 1343 1051 τεσσάρων
1365 967 1483 1053 πηχῶν

317 1067 372 1132 καί
390 1061 450 1130 δύο
465 1061 715 1130 παλαιστῶν
679 1089 717 1131 το
734 1057 858 1149 ύψοςέ
859 1069 895 1150 γ
895 1089 1002 1134 νοντο.
1044 1061 1189 1149 Ὁμοίως
1211 1065 1247 1133 δέ
1262 1065 1357 1135 καί’
1342 1069 1400 1133 επὶ
1423 1069 1483 1133 τού

318 1165 495 1244 ἐλάττονος
523 1164 651 1251 πύργου
679 1161 701 1255 ἡ
732 1166 897 1252 διαίρεσις
925 1170 993 1234 τῶν
1022 1169 1147 1253 στεγῶν
1174 1165 1234 1234 τὸν
1257 1162 1359 1236 αύτδν
1382 1163 1482 1257 λόγον

317 1267 534 1354 ἐλάμβανεν.)

399 1367 576 1457 Ἐβύρσοον
602 1369 638 1435 δὲ
662 1361 766 1447 αύτὰς
789 1355 907 1455 άργαῑς
929 1369 1082 1455 βύρσαις.

406 1576 474 1660 Τῆς
501 1572 537 1638 δὲ
557 1570 704 1660 χελώνης
725 1575 783 1659 τῆς
805 1571 865 1639 τὸν
886 1571 980 1658 κριὸν
1003 1573 1170 1662 φερούσης
1191 1569 1212 1664 ή
1236 1573 1376 1662 ἐργασία
1397 1559 1480 1665 ήν
1462 1603 1479 1642 τ

283 1669 399 1762 αύτή
420 1680 425 1754 1
444 1673 580 1764 (μικρής
601 1699 639 1741 τε
660 1677 717 1741 καὶ
740 1673 912 1763 μεγάλης).
941 1670 1051 1760 (Ἡδὲ
1073 1675 1231 1764 μεγίστη)
1253 1675 1477 1762 ἐλάμβανε
1443 1704 1480 1746 το

317 1776 487 1865 διάστημα
510 1779 586 1857 <τοῦ
609 1770 780 1864 πλάτους)
801 1776 918 1866 πήχεις
940 1786 988 1858 A,
1011 1776 1067 1862 (τὸ
1094 1777 1129 1844 δὲ
1151 1781 1255 1864 μήκος
1278 1777 1397 1865 πήχεις
1413 1779 1480 1866 Μ),

387 1873 541 1963 δὲύψος
568 1879 672 1961 χωρὶς
694 1881 754 1998 τής
777 1872 952 1958 άετώσειος
973 1880 1051 1966 (τῆς
1064 1877 1301 2002 ἐηιισταμένης
1323 1874 1481 1968 ύστερον)

316 1981 434 2071 πήχεις
467 1986 548 2062 1Γο
571 1983 631 2068 τῆς
654 1973 731 2045 δὲ’
713 1979 889 2060 αετώσεως
912 1979 1014 2068 αύτής
1036 1979 1073 2048 τὸ
1099 1973 1188 2068 ύψος
1212 1974 1282 2050 άπὸ
1303 1985 1365 2049 τοῦ
1380 2008 1480 2050 κατα-

318 2081 515 2168 στρώματος
538 2080 596 2148 έπλ
619 2076 783 2160 ὀξύτατον
805 2082 922 2250 πήχεις
944 2089 991 2156 Ις

399 2179 621 2270 ’Υπερέβαλλε
650 2183 687 2250 δὲ
716 2181 775 2268 τὴν
804 2189 908 2271 μέσην
937 2182 1100 2274 στέγην(
1084 2213 1102 2253 ο
1133 2179 1231 2265 ἆετδς
1261 2183 1480 2270 τούλάχιστον

317 2283 436 2406 πήχεις
470 2285 545 2368 δύο,
577 2288 838 2372 <παρακαταβαί
839 2311 904 2353 νων
933 2285 993 2376 τήν
1023 2286 1249 2377 ἐπιστέγηνί
1231 2313 1294 2367 εως
1323 2292 1392 2356 τῶν
1422 2283 1477 2356 έπ

320 2381 413 2473 αύτηῖ
435 2381 601 2470 δοκῶν,
581 2373 720 2476 οπωςή
750 2388 958 2474 περίδρομος
987 2388 1191 2476 ἐ’νκοκλοςλ).
1238 2384 1350 2480 Εξήρε
1380 2385 1414 2457 δ’
1448 2390 1480 2458 ἔκ

318 2493 474 2576 μέσης
433 2513 493 2578 της
504 2493 622 2577 στέγης
631 2495 775 2576 πυργίον
790 2511 834 2576 τρ
836 2494 972 2612 ίστεγοη
987 2491 1090 2558 καλ’
1060 2516 1109 2570 εις
1120 2493 1180 2576 μέν
1192 2515 1255 2570 τας
1266 2488 1343 2559 ἕντο
1356 2500 1479 2579 στέγας

403 2590 515 2660 ἐτίθει
536 2590 772 2672 καταπάλτας,
797 2591 846 2670 εἷς
868 2592 905 2658 δὲ
927 2594 992 2676 τὴν
1015 2593 1113 2660 κάτω
1136 2587 1259 2673 ύδατος
1281 2595 1479 2683 παράθεσιν

318 2691 479 2760 ἐποιεῖτο.
914 2687 1004 2780 (Ἔγί
1005 2721 1101 2763 νοντο
1125 2697 1161 2764 δὲ
1185 2690 1270 2786 αὐτή
1291 2701 1334 2786 τῇ
1352 2699 1478 2786 χελώνη

317 2787 530 2878 ύρθοοτάται
551 2795 659 2884 κύκλῳ
682 2795 889 2881 περίδρομον
912 2794 1084 2884 έχούσηλ)

842 2889 995 2965 Ἰσταται
1018 2899 1054 2965 δὲ
1078 2903 1134 2966 καί
1157 2899 1312 2990 κριοδάχη
1337 2895 1436 2968 ἐν’
1397 2905 1478 2990 αυτῷ

238 2989 434 3085 ..Ιέηῶἵ
411 3023 508 3086 ητον
523 2997 727 3084 κύλινδρον
713 3023 748 3064 ετ
750 3003 834 3079 ίθει,
859 2997 906 3065 δι’
925 3026 963 3067 ου
950 2993 1288 3087 προωθουμενος
1271 3029 1288 3070 ο
1313 3001 1408 3090 κριδς
1432 2997 1475 3070 δι>

315 3091 555 3168 ἆντισπάστων
578 3099 707 3188 ἐνήργει
728 3099 788 3187 τήν
808 3105 934 3186 χρείαν.

287 3346 335 3361 ·
394 3299 571 3390 Ἐβύρσοον
594 3304 631 3370 δέ
652 3305 709 3371 καὶ
730 3301 853 3391 ταύτην
874 3299 1003 3388 ὁμοίως
1023 3319 1096 3385 τοῖς
1118 3307 1270 3394 πύργοις.

524 3403 569 3472 Τὸ
598 3405 635 3472 δὲ
656 3403 826 3491 τρύπανον
845 3406 991 3495 χελώνην
1014 3409 1075 3492 μὲν
1096 3407 1158 3496 τήν
1188 3402 1291 3497 αύτήν
1318 3412 1369 3496 τῶ
1396 3413 1477 3496 κριηῖ

313 3506 496 3593 (λαμβάνει
520 3507 632 3574 δὲκαὶ
655 3509 771 3573 πᾶσαν
792 3505 853 3596 τὴν
875 3508 1079 3599 κατασκευήν
1102 3506 1230 3594 ὁμοίως
1252 3510 1420 3598 ἐ’χουσαν).
1535 3539 1538 3548 ’

404 3614 534 3698 Τίθησι
549 3608 585 3675 δὲ
602 3608 661 3676 ἐπὶ
683 3611 742 3695 τῆς
763 3609 927 3696 κρηπίδος
950 3611 1089 3698 σύριγγα
1110 3613 1356 3702 παραπλησίαν
1378 3617 1421 3701 τῇ
1444 3613 1475 3680 ἐν

314 3723 387 3787 τοῖς
409 3703 607 3789 εύθοτάνοις
628 3714 783 3798 γινομένη
805 3711 1040 3792 καταπάλταις

314 3916 370 3980 καί
399 3903 544 3999 πλάγιον
574 3909 707 3982 ὀνίσκον
734 3910 881 4001 (ὁμοίως
910 3914 1049 3994 ἐκείνοις
1074 3916 1242 4005 ἔχουσαν).
1283 3911 1335 3985 Ἐκ
1358 3920 1395 3988 δέ
1416 3924 1474 3988 τού

316 4011 419 4081 άλλου
448 4019 569 4099 μέρους
599 4011 700 4104 αύτής
730 4012 799 4086 άπὸ
829 4021 889 4084 τού
912 4013 1014 4106 άκρου

315 4118 489 4203 τροχιλέας
511 4115 688 4202 ἐπιβάλλει
710 4113 787 4186 δύο·
828 4111 875 4185 δι
902 4113 948 4186 ῶν
971 4125 1132 4205 προωθεῖ
1151 4119 1211 4208 τὴν
1234 4096 1472 4212 ἐπιτιθεμένην
