3282 4968
450 394 493 449 De
509 392 615 462 legione
632 391 815 449 Romenomm
831 392 854 446 Ι.
872 391 1021 448 Adiutrice.
1274 391 1314 449 93

158 570 265 635 femur
287 567 450 635 sinistrum
471 567 584 633 militis
605 565 742 632 Romani
764 569 960 651 penetrasse,
989 586 1052 633 nou
1075 566 1210 633 frectnm
1231 583 1315 648 esse,

159 669 299 737 videtur.
344 669 406 736 Hic
428 669 522 735 miles
543 668 740 752 legionarius
762 673 849 734 certe
871 667 898 734 is
922 673 980 750 est,
1003 667 1054 734 cui
1076 671 1315 732 monumentum

157 771 348 838 dedicatum
376 770 445 836 luit.
490 770 573 836 Tum
602 775 676 854 post
702 769 840 851 clipeum
864 769 974 838 militis
997 771 1103 855 ipsum
1125 786 1253 852 quoque
1283 767 1317 830 in

157 873 310 939 dextram
325 891 454 940 versum
477 877 574 956 caput
594 871 677 937 alius
699 870 870 954 legionarii
886 872 1098 954 cognoscitur.
1133 872 1217 936 Ante
1233 867 1318 934 bunc

157 976 277 1041 iterum
305 973 402 1040 bomo
430 973 583 1039 herbetus
611 973 645 1037 in
673 970 821 1038 dextram
849 970 976 1056 fugiens
1005 979 1038 1040 ct
1059 972 1185 1040 hastam
1208 989 1318 1037 secum

156 1081 302 1161 portans.
339 1075 513 1142 Praeterea
526 1081 601 1141 ente
616 1073 685 1158 hos,
709 1093 789 1158 quos
804 1075 979 1159 nominavi,
1001 1075 1157 1142 barbarus
1179 1073 1318 1140 comitur

157 1196 296 1261 corpore
325 1182 485 1262 prostrato
512 1177 657 1244 cruribus
684 1175 820 1242 sublatis
850 1177 943 1261 quari
972 1176 1014 1243 do
1040 1196 1131 1243 muro
1154 1175 1316 1256 deiectus3

159 1285 261 1364 eaput
282 1280 388 1363 ipsum
409 1278 578 1345 barbatum
600 1279 646 1344 itu
668 1279 759 1346 iuxta
780 1278 899 1344 collum
921 1279 1065 1362 eorporis
1088 1279 1181 1361 iacet,
1204 1283 1239 1343 ut
1261 1277 1317 1343 ab·

158 1382 282 1449 ecisum
310 1401 382 1448 esse
410 1381 568 1465 suspicari
595 1381 702 1446 liceat.
746 1380 887 1446 Intuenti
915 1379 1032 1446 dextre
1060 1386 1093 1447 et
1115 1380 1245 1446 sinistra
1266 1398 1318 1446 co-

158 1485 291 1550 lumnae
319 1502 375 1550 eas
403 1483 561 1566 imagines
590 1489 724 1566 ectypas
754 1481 1015 1549 circumcludunt.
1060 1482 1159 1566 Lapis
1187 1482 1258 1565 ipae
1283 1487 1320 1548 ut

160 1584 257 1666 infre,
280 1584 328 1651 sic
350 1604 447 1668 supra
468 1585 587 1651 fractus
610 1591 668 1651 est.

248 1683 340 1762 Quae
356 1706 428 1753 cum
444 1687 490 1754 ita
504 1687 577 1768 sint,
599 1685 755 1754 artificem
778 1705 850 1752 eam
872 1707 1012 1771 pugnam
1035 1685 1156 1769 fingere
1178 1685 1321 1754 voluisse

158 1803 351 1872 persuasum
373 1785 489 1871 babeo,
518 1788 551 1854 in
574 1807 638 1871 qua
659 1789 753 1855 miles
774 1788 981 1872 legionarius,
1011 1788 1101 1856 euius
1124 1793 1174 1856 est
1199 1789 1320 1872 titulus,

159 1888 268 1973 periit.
312 1889 426 1972 Itaque
448 1888 510 1957 bac
532 1909 660 1974 quoque
679 1909 714 1957 ro
730 1889 835 1958 denuo
851 1890 1077 1975 comprobatur
1091 1891 1219 1956 titulum
1233 1889 1320 1956 bello

160 1991 285 2057 Dacico
307 1990 512 2059 tribuendum
534 2011 614 2059 csse.

250 2093 289 2158 V.
312 2091 381 2158 Sub
396 2093 546 2162 Gallieno
566 2095 649 2162 bane
664 2095 825 2180 legionem
840 2101 972 2181 propter
993 2114 1045 2162 res
1066 2092 1191 2161 fortiter
1213 2099 1321 2176 gestas

162 2195 290 2278 magnis
312 2193 486 2263 honoribus
508 2197 657 2265 affectam
685 2217 756 2265 esee
785 2218 828 2265 ex
854 2198 994 2264 nummis
1020 2197 1110 2263 utin
1132 2197 1214 2263 alies
1237 2195 1320 2263 occi-

165 2295 313 2364 denteles
340 2297 487 2381 legiones
516 2299 563 2366 sic
592 2300 689 2365 etiam
718 2301 752 2365 in
781 2301 942 2382 legionem
964 2298 989 2363 Ι.
1012 2297 1212 2365 Adiutricem
1235 2298 1320 2364 cusis

166 2399 334 2483 evincitur,
357 2400 390 2465 iu
413 2400 528 2484 quibus
551 2401 638 2485 legio
660 2403 790 2486 saepius
811 2402 868 2486 pia
888 2400 994 2467 fidelis
1024 2401 1249 2484 cognominata
1272 2405 1322 2467 est

162 2497 219 2583 (cf.
235 2521 266 2565 n.
284 2502 355 2566 180.
372 2501 435 2578 ΙΙ.).
473 2501 597 2582 Quibus
617 2504 651 2568 in
671 2504 809 2570 nummis
831 2502 989 2585 imagines
1004 2502 1142 2586 legionis
1163 2507 1322 2588 apparent

163 2601 379 2687 Capricornus
401 2610 433 2671 et
455 2605 638 2688 Pegasus¹l
833 2619 834 2622 ’

249 2704 369 2772 Postea
390 2726 467 2773 vero
489 2726 643 2791 quaeres
665 2706 725 2773 sub
747 2707 883 2790 singulis
909 2705 1156 2792 imperatoribus
1185 2707 1272 2790 legio
1294 2707 1319 2772 Ι.

163 2805 319 2872 Adiutrix
347 2809 493 2892 gesserit,
523 2809 694 2893 exquirere
721 2829 786 2875 non
806 2828 985 2893 possumus,
1014 2829 1087 2875 cum
1115 2815 1148 2875 et
1178 2817 1322 2877 veterum

164 2914 334 2975 auctorum
350 2916 383 2976 et
396 2912 542 2996 lepidum
557 2911 782 2996 inscriptorum
797 2911 988 2998 testimonie,
1011 2931 1095 2997 quae
1109 2910 1152 2978 ad
1167 2913 1225 2978 illa
1242 2919 1323 2978 tem-

162 3031 245 3095 pora
257 3013 427 3096 pertinent,
443 3019 509 3078 tam
519 3019 733 3097 raratemque
744 3013 902 3097 impedite
913 3017 985 3099 sint,
1002 3021 1037 3082 ut
1052 3014 1131 3083 certi
1143 3013 1321 3098 quidquem

163 3118 306 3180 statuere
328 3134 393 3180 non
414 3114 480 3180 iem
500 3115 607 3182 liceat.
650 3116 690 3182 Id
712 3116 844 3183 tandum
867 3113 1009 3182 dilucide
1032 3115 1096 3179 iam
1119 3115 1322 3199 cognoscitur

164 3213 250 3282 benc
272 3215 432 3298 legionem
456 3219 553 3285 etiam
574 3219 688 3301 quinto
710 3239 742 3303 p.
758 3216 833 3284 (ihr.
848 3239 879 3285 n.
896 3216 1026 3286 saeculo
1049 3217 1252 3296 exstitissel)

253 3383 278 3447 1)
302 3381 344 3437 De
366 3383 485 3438 omnium
507 3385 642 3456 legionum
665 3385 748 3454 signis
772 3383 944 3452 sagacissime
966 3381 1093 3437 disseruit
1110 3383 1322 3455 Domasueuski,

157 3459 217 3520 ‘die
233 3464 350 3520 Fehnen
367 3467 403 3522 im
420 3469 574 3526 romischen
592 3463 696 3526 Heere’.
732 3469 849 3525 Vindob.
869 3472 944 3524 1885.
981 3465 1021 3522 Gi.
1040 3467 1159 3523 eiusdem
1176 3468 1226 3522 riri
1250 3483 1323 3524 eom·

164 3551 373 3607 mentationem:
390 3546 444 3608 ‘die
456 3553 627 3610 Tbierbllder
644 3555 692 3610 der
704 3547 795 3623 Signu’
811 3555 840 3608 in
853 3549 954 3609 ‘arch.·
960 3553 1043 3622 epigr.
1056 3545 1137 3608 Mitt?
1156 3553 1216 3608 XV.
1234 3557 1322 3621 [1892)
1335 3549 1338 3554 ’

163 3653 192 3707 ν’
206 3640 278 3789 1⁸²2)
294 3640 411 3780 regam
429 3723 524 3780 raon.
543 3723 603 3780 xn.
622 3727 655 3778 ac
673 3726 738 3792 (ar),
757 3727 773 3778 c
791 3730 818 3779 et
834 3722 898 3778 roro.
918 3721 980 3780 xn.
1000 3727 1033 3778 rr
1051 3726 1112 3792 (ra),
1131 3727 1155 3779 e.
