3198 4974
234 1381 470 1461 Quaerentibus
481 1383 576 1450 nobis
590 1382 720 1466 indieia,
733 1383 850 1467 quibus
861 1380 1018 1449 adhibitis
1033 1400 1228 1466 cognoscere
1239 1401 1312 1468 pos·

148 1485 258 1568 simus,
281 1501 438 1566 quosnam
460 1483 565 1552 fontes
583 1484 760 1568 Dionysius
774 1482 1071 1550 Halioamasseusis
1092 1483 1135 1550 ad
1157 1483 1312 1567 antiquis

148 1587 231 1654 sima
252 1586 375 1652 liberae
389 1586 577 1671 republicae
592 1586 809 1652 Romanorum
823 1591 972 1668 tempora
986 1584 1166 1652 enarranda
1185 1584 1313 1668 adierit,

150 1689 255 1772 primo
285 1687 358 1754 looo
380 1694 574 1754 auetores
601 1687 843 1755 nominatim
873 1685 1070 1754 laudatos
1090 1686 1312 1771 respiciendos

149 1808 221 1856 esse
235 1789 382 1872 arbitror,
398 1790 527 1857 tametsi
538 1790 669 1855 minime
685 1789 719 1854 in
731 1787 918 1876 uastissimis
934 1785 1016 1855 haee
1030 1787 1231 1856 numeranda
1241 1807 1313 1856 esse

149 1891 291 1973 vestigia
311 1909 407 1958 nemo
430 1909 540 1957 eorum
562 1890 704 1976 negabit,
726 1889 782 1973 qui
804 1895 951 1956 vetemm
973 1890 1164 1974 seriptorum
1190 1908 1312 1956 morem

148 1989 254 2059 fontes
276 1991 431 2058 laudandi
454 1994 651 2076 oognoverit
696 1991 848 2059 Attamen
870 2010 912 2058 ne
935 1990 1017 2059 baso
1039 1991 1170 2076 quidem
1192 1991 1314 2060 indioia

149 2093 437 2176 praetermittenda
448 2101 531 2176 sunt,
546 2096 737 2178 praesertim
750 2115 822 2162 eum
833 2093 993 2178 Dionysio
1009 2098 1044 2158 ut
1055 2111 1097 2159 ex
1108 2094 1312 2177 antiquorum

150 2194 1312 2280 eonsuetudinesoriptores,quibussingulashistoriasouarratasdebet,

149 2295 339 2379 plerumque
367 2302 467 2378 taoet,
497 2298 544 2363 sio
572 2298 763 2381 scriptorum
791 2299 923 2364 nomina
951 2296 1118 2363 exhibenti
1140 2315 1197 2363 our
1227 2295 1313 2362 didi·

151 2397 275 2480 damus,
299 2417 397 2465 oauso
418 2397 538 2464 idonea
559 2399 691 2465 nonsit.
729 2396 824 2476 Quod
846 2398 942 2464 faoile
958 2397 1146 2481 oonoedent,
1169 2398 1224 2480 qui
1240 2416 1313 2464 oum

150 2501 349 2584 prooemium
364 2500 610 2583 antiquitatibus
626 2501 841 2583 praemissum
857 2499 1064 2584 perlegerint,
1087 2503 1154 2564 tum
1170 2499 1202 2562 iu
1217 2498 1314 2564 rebus

150 2601 341 2668 enamandis
355 2601 640 2685 disquirendisque
656 2600 743 2666 haud
765 2600 970 2685 aspomando
992 2604 1201 2684 (quamquam
1215 2618 1315 2684 saepe

150 2708 264 2786 pravo)
286 2703 435 2770 veritatis
457 2702 564 2769 studio
587 2722 628 2770 ao
650 2721 728 2769 eura
749 2701 880 2769 duetum
902 2723 975 2770 eum
996 2701 1224 2768 intellexerint.

236 2803 426 2870 Laudentur
441 2811 550 2871 autem
572 2806 605 2870 in
629 2806 676 2871 eis
699 2803 801 2888 libris,
824 2805 880 2888 qui
896 2805 1075 2871 deliberas
1093 2804 1142 2869 rei
1163 2804 1314 2888 publioae

151 2906 252 2990 gostis
284 2905 402 2989 integri
431 2905 474 2972 ad
503 2926 563 2974 nos
597 2912 827 2992 pervenerunt,
861 2906 1012 2973 Fabios
1042 2905 1181 2971 Piotor
1214 2905 1316 2971 semel

153 3007 226 3085 (Vll
239 3012 291 3089 71,
305 3009 352 3089 1);
376 3005 442 3073 (in.
458 3006 621 3075 Gellius
637 3010 713 3086 (una
733 3028 806 3075 oum
820 3006 1078 3086 Lioiniollaoro)
1096 3007 1144 3073 bis
1163 3006 1315 3090 (v111,n

151 3109 268 3176 etVll
292 3111 393 3193 1,4);
426 3109 645 3178 Lioinius
673 3109 824 3176 Maeer
856 3115 970 3192 quater
1003 3109 1042 3185 (V
1059 3113 1117 3190 47,
1140 3111 1176 3190 33
1205 3113 1315 3193 74,4;

153 3211 325 3294 v111,2;
354 3210 418 3277 VII
441 3216 469 3296 1,
487 3214 529 3288 4).
580 3211 687 3294 Atque
717 3211 915 3278 Fabium
941 3210 1071 3293 quidem
1098 3211 1163 3276 iam
1189 3211 1316 3278 mittere

150 3313 243 3396 lieet,
272 3332 346 3379 oum
371 3312 547 3397 Dionysius
577 3314 625 3380 111
654 3312 785 3397 quidem
814 3313 985 3395 inlibris,
1014 3313 1070 3395 qui
1097 3312 1190 3380 uobis
1220 3331 1316 3379 ourae

151 3419 242 3496 suut,
266 3433 340 3480 eum
362 3421 449 3481 oerte
471 3434 536 3481 non
558 3415 655 3481 latios
677 3420 806 3482 seoutus
829 3415 885 3495 sit,
914 3413 973 3480 sed
994 3415 1169 3498 peouliaris
1191 3421 1315 3480 tanturn

151 3517 200 3583 rei
216 3537 314 3584 eausa
329 3514 456 3583 adierit.
494 3514 610 3582 Studet
625 3516 711 3582 enim
733 3517 755 3580 l.
768 3517 789 3582 1.
812 3516 1102 3598 antiquissimo
1125 3517 1182 3582 illo
1198 3517 1315 3583 Roma·

153 3637 267 3686 norum
294 3625 426 3685 auotore
454 3617 566 3684 adlato
596 3617 734 3701 probare
763 3617 928 3684 Romanos
953 3617 1095 3684 nondum
1118 3616 1316 3686 Graeoomm
1347 3695 1354 3705 Ι

152 3719 298 3786 moribus
321 3719 459 3803 eognitis
483 3725 591 3786 tamen
614 3717 730 3786 eodem
752 3716 821 3785 fere
842 3718 941 3786 modo
964 3719 1152 3802 eisdemque
1175 3739 1315 3787 oerame-

154 3821 217 3888 niis
239 3821 273 3886 in
301 3820 387 3887 ludis
409 3820 571 3888 laoinudis
593 3840 632 3888 ao
654 3819 798 3886 Graecos
827 3839 901 3887 usos
924 3840 1005 3888 1111.
1050 3822 1156 3887 Etiam
1179 3841 1222 3888 ex
1243 3823 1316 3906 ipsa

154 3923 385 4006 narrationum,
408 3941 492 4005 quae
514 3920 565 3989 his
587 3922 679 3987 libris
702 3923 914 4005 eontinentur,
937 3929 1053 3988 natura
1072 3923 1236 3989 annalium
1252 3924 1313 3989 Ro·

152 4043 320 4091 manorum
341 4043 363 4090 a
383 4024 497 4108 peritis
512 4031 624 4107 aperte
640 4024 793 4107 eognosoi
814 4021 897 4089 nihil
918 4024 987 4090 fere
1008 4031 1178 4107 praeterea
1193 4023 1313 4107 Diony·

153 4126 236 4193 sium
260 4145 303 4194 ex
324 4124 419 4192 Fabii
442 4125 534 4192 libris
556 4125 733 4209 sumpsisse
755 4127 813 4192 rix
836 4125 994 4209 estquod
1017 4143 1174 4194 moneam.
