3318 4970
477 383 519 438 De
534 383 642 452 legione
657 385 843 440 Romanorum
860 385 883 441 I.
901 385 1050 441 Adiutrice.
1302 389 1340 445 bl

186 557 323 624 limitem
345 557 428 624 inter
450 557 600 624 Moenum
624 563 656 624 et
677 557 824 625 Rhenum
853 558 983 626 ductum
1012 559 1182 643 attingunt,
1209 559 1342 628 Chattos

185 657 270 741 dico,
301 677 397 725 nemo
427 666 485 742 est,
516 660 571 742 qui
599 666 705 743 neget.
750 660 877 728 Deinde
906 661 1090 744 Antonium,
1124 668 1295 746 postquam
1322 683 1343 729 a

184 761 371 828 Domitiano
394 760 523 845 defecit,
552 768 628 828 ante
650 764 759 829 omnia
781 781 913 847 operam
933 781 1072 830 navasse
1094 771 1183 847 puto,
1211 771 1247 830 ut
1269 785 1342 830 cum

184 861 321 947 Chattis,
345 864 535 946 quibuscum
557 863 672 932 foedus
695 866 806 946 iuerat,
829 885 865 932 se
887 867 1103 948 coniungeret.
1145 867 1342 949 Mogontiaci

185 967 294 1048 igitur,
317 965 373 1032 uhi
395 965 508 1032 sedem
530 965 681 1050 habebat,
704 968 737 1032 in
753 965 896 1034 hibernis
912 966 1046 1034 duarum
1061 969 1235 1052 legionum,
1259 988 1342 1051 quae

185 1068 318 1135 sceleris
341 1069 517 1152 participes
539 1069 645 1135 factae
668 1076 768 1151 erant,
791 1071 823 1136 11
844 1069 1037 1136 manendum
1060 1076 1140 1153 erat,
1163 1069 1240 1135 dum
1262 1070 1342 1137 socii

184 1169 386 1238 advenirent.
429 1170 480 1236 An
503 1177 598 1254 putas
621 1177 653 1236 et
667 1172 799 1238 Antonii
822 1178 855 1238 et
870 1171 1101 1238 Germanorum
1123 1173 1234 1255 copias
1256 1189 1342 1240 seor·

184 1293 254 1340 sum
287 1273 379 1339 iuxta
413 1271 520 1339 Rheni
553 1275 641 1357 'ripas
674 1293 746 1340 esse
779 1275 950 1358 profectas,
985 1275 1103 1340 alteras
1136 1275 1169 1338 in
1202 1275 1341 1356 sinistra,

184 1377 305 1442 alteras
320 1375 354 1441 in
370 1375 486 1442 dextra
500 1373 641 1442 fluminis
656 1377 738 1460 ripa,
761 1375 880 1459 quoad,
901 1377 1054 1459 quoniam
1070 1377 1103 1440 in
1118 1376 1341 1443 Helvetiorum

183 1477 265 1544 fines
286 1478 488 1544 advenerunt
509 1478 619 1561 ibique
641 1499 663 1544 a
677 1479 790 1562 copiis,
814 1498 897 1562 quae
916 1479 949 1543 in
965 1476 1028 1544 fide
1043 1486 1340 1562 perseveraverant,

182 1582 390 1664 impugnatae
406 1587 488 1664 sunt,
512 1581 545 1646 in
560 1587 736 1664 conspectu
758 1580 899 1647 hostium
922 1600 957 1647 se
981 1579 1228 1647 consociarent?
1261 1579 1341 1658 Quis

185 1688 244 1766 est,
278 1685 334 1766 qui
357 1684 476 1768 credet,
506 1684 732 1767 imperatorem
761 1685 869 1750 locum
896 1683 941 1750 ad
968 1682 1085 1750 flumen
1113 1682 1341 1750 transeundum

184 1785 348 1869 idoneum,
371 1805 467 1868 quem
490 1785 555 1850 iam
577 1787 612 1850 in
633 1791 794 1869 potestate
816 1783 966 1867 hahebat,
994 1785 1164 1868 reliquisse
1185 1791 1285 1868 atque
1306 1802 1341 1852 se

186 1907 327 1970 suosque
349 1888 496 1954 fortunae
518 1887 740 1954 commisisse?
767 1888 869 1970 igitur
884 1893 916 1952 te
930 1888 1157 1954 assentientem
1172 1905 1267 1972 spero
1288 1906 1341 1954 me

189 1988 373 2056 habiturum
396 2009 477 2073 esse,
500 1990 528 2056 si
551 1990 675 2056 conicio
697 1991 872 2056 Antonium
887 1988 1082 2072 Mogontiaci
1104 1989 1341 2056 1111111161-

183 2112 351 2158 manorum
374 2099 544 2176 oppertnm
567 2112 638 2160 esse
666 2093 776 2175 ibique
805 2111 874 2158 rem
902 2091 945 2157 ad
973 2097 1135 2158 conamen
1165 2091 1304 2159 venisse.
1318 2091 1339 2169 ¹)

269 2195 339 2260 Iam
361 2215 439 2262 vero
462 2195 504 2261 (11
527 2214 566 2262 eo
588 2196 670 2279 viro,
692 2195 783 2261 cuius
806 2213 906 2278 opera
928 2199 960 2260 et
982 2193 1118 2260 consilio
1134 2191 1263 2276 seditio,
1285 2193 1340 2260 ubi

186 2305 256 2364 orta
279 2299 387 2366 statim
410 2317 595 2380 compressa
615 2317 810 2380 prorsusque
831 2296 985 2362 restincta
1007 2302 1065 2377 est,
1093 2296 1234 2361 maxime
1257 2299 1339 2361 vari·

185 2406 279 2467 antur
301 2401 489 2466 sententiae.
528 2397 631 2477 Quem
646 2399 682 2464 L.
695 2399 837 2482 Appium
853 2398 1029 2464 Maximum
1042 2397 1230 2462 Norbanum
1241 2397 1340 2464 fuisse

184 2523 256 2568 oum
280 2501 681 2581 111111111111111111111),
711 2501 827 2582 quibus
857 2500 959 2582 copiis
981 2500 1038 2564 ille
1065 2505 1132 2564 tum
1155 2499 1338 2581 praefuerit,

187 2624 228 2671 ox
243 2623 309 2687 qna
323 2604 492 2687 provincia
506 2623 597 2668 arma
610 2601 767 2668 adversus
779 2601 951 2668 Antonium
968 2601 1153 2683 militesque
1168 2599 1339 2668 seditiosos

184 2707 302 2789 tulerit,
324 2704 406 2770 nihil
429 2711 562 2772 constat

270 2807 414 2874 Primum
428 2807 606 2874 Mommsen
616 2808 639 2883 1)
662 2805 855 2873 1111111111
877 2805 1020 2888 legatum
1041 2805 1227 2871 Pannoniae
1249 2811 1341 2888 putat

184 2911 329 2977 1111111
352 2909 509 2976 Martialis
531 2910 633 2994 epigr.
655 2909 703 2974 IX
725 2910 808 2992 84‚5.
853 2906 913 2974 uui
941 2908 1118 2974 sententiae
1146 2905 1207 2972 Th.
1230 2907 1339 2990 Bergk

187 3013 233 3092 (ll.
256 3031 288 3095 p.
313 3015 365 3088 65)
387 3013 453 3077 iam
468 3018 555 3078 recte
570 3012 760 3079 adversatus
776 3017 825 3077 est
838 3029 971 3078 monens
986 3011 1142 3078 stultitiae
1160 3029 1200 3076 ao
1214 3009 1338 3075 temeri·

271 3199 297 3261 1)
321 3194 357 3250 ci.
370 3211 401 3264 p.
412 3199 446 3250 44
463 3196 526 3250 adn.
540 3200 564 3252 2.
584 3228 614 3235 -
634 3196 708 3250 Idem
726 3195 809 3250 sentit
825 3195 947 3261 llhbner,
965 3188 1029 3248 ‘Die
1046 3197 1114 3248 11111.
1133 3190 1295 3246 Herrschait
1311 3192 1338 3245 in

184 3275 376 3350 Westenropa'
398 3296 427 3350 p.
449 3284 511 3346 133,
537 3281 580 3334 his
607 3281 696 3338 verbis
723 3295 803 3334 usus:
832 3279 898 3342 „Die
922 3267 1084 3333 Ortlichheit
1108 3277 1185 3347 jenes
1207 3275 1338 3344 Kampfes

184 3367 251 3421 wind
274 3366 325 3420 mit
345 3369 466 3434 grosmer
482 3363 777 3422 Wahrscheinlichheit
798 3363 974 3420 unmittelbar
995 3377 1043 3416 vor
1062 3361 1153 3415 Mainn
1178 3376 1213 3413 su
1236 3359 1339 3415 suchen

185 3452 253 3518 sein,
273 3451 334 3505 dem
352 3449 497 3504 amtlichen
515 3448 571 3502 Sita
590 3448 637 3502 des
650 3449 835 3504 Statthalters.
870 3449 937 3503 Wer
954 3449 1007 3502 den
1019 3447 1109 3502 Strom
1125 3445 1181 3500 und
1199 3445 1338 3500 11111111-

183 3536 247 3590 walt
269 3536 364 3600 kannt,
387 3535 474 3600 weiss,
502 3533 566 3589 dass
588 3533 633 3588 bei
655 3533 827 3604 plotalirhem
851 3533 908 3588 und
931 3533 1051 3587 starkem
1068 3531 1189 3600 Eisgang
1206 3531 1277 3586 auch
1295 3533 1338 3586 ein

186 3610 332 3688 Uhergang
349 3619 399 3674 auf
414 3618 532 3674 Kbhnen
549 3620 703 3688 unmoglich
719 3621 781 3675 lst.“
1330 3683 1332 3688 ,

272 3709 298 3770 1)
315 3704 357 3759 tit.
376 3704 425 3760 VI.
447 3708 520 3771 1341,
547 3705 593 3774 qui
616 3704 755 3759 mutilatus
780 3707 834 3758 est:
863 3745 869 3758 .
890 3745 897 3759 .
918 3745 925 3758 .
945 3696 1063 3771 .‘Appii
1083 3699 1260 3777 Maximi-his
1282 3715 1337 3755 cos.

184 3789 350 3846 coniectoris
373 3789 438 3846 belli
455 3782 627 3845 Germanici'
645 3819 678 3828 —
697 3787 808 3844 Cassius
830 3788 885 3843 Dio
903 3791 944 3842 61.
964 3793 1052 3853 11,1:
1080 3780 1226 3851 Ἀντώνιος
1249 3784 1278 3842 δέ
1296 3805 1338 3849 τις

183 3872 214 3931 ἐν
230 3875 382 3952 Γερμανίᾳ
409 3870 509 3946 ἄρχων
528 3919 534 3932 .
553 3918 559 3932 .
579 3914 585 3928 .
609 3877 652 3950 τῷ
669 3877 838 3948 Δομετιανῷ
860 3866 979 3945 α’πέστη,
1005 3864 1040 3930 ὅν
1061 3868 1188 3937 Λούκιος
1206 3865 1338 3940 Μάξιμος

184 3957 403 4032 κατηγωνίσατο
420 3963 470 4016 καὶ
488 3963 631 4016 καθεῖλεν.
649 3988 684 3998 -
701 3959 886 4026 1111711111,
903 3952 1266 4028 1111111011111111111)
1284 3970 1336 4024 quo

183 4061 233 4115 per
250 4045 412 4101 Norbanum
429 4045 549 4114 Appium
568 4045 627 4099 acie
644 4047 731 4099 strato
749 4044 920 4100 Domitianus
938 4043 1016 4112 longe
1033 4033 1146 4098 tetrior.’
1246 4103 1249 4106 ,

272 4136 298 4196 3)
316 4129 409 4186 Herm.
427 4130 476 4185 lIl.
496 4147 524 4200 p.
545 4135 593 4184 116
612 4135 639 4184 11
655 4130 712 4184 ind.
731 4129 801 4184 Ρ111.
819 4147 847 4198 p.
865 4133 914 4183 401
934 4143 955 4183 1.
974 4146 999 4184 v.
1018 4128 1183 4245 1111111.

1149 4217 1165 4265 4
