3134 4986
307 395 372 456 366
765 396 892 464 Edgarus
910 397 1024 452 Martini

307 575 365 638 aut
392 569 477 637 adeo
505 570 603 653 plane
628 586 715 637 nova
736 569 910 652 adfingere.
956 571 1052 638 Talia
1073 575 1105 638 et
1127 569 1340 640 Geminiauae
1359 563 1471 639 ‘Intro-

308 668 468 740 ductioni'
492 671 642 738 evenisse
664 691 706 738 ex
728 671 837 738 multis
858 673 955 740 rebus
977 673 1184 756 intellegitur.
1223 673 1297 740 Huc
1318 673 1471 742 videlicet

308 775 431 842 faciunt
446 774 637 840 manifestae
652 791 736 856 quae
751 774 846 840 nobis
861 775 961 841 variis
975 776 1056 841 locis
1073 781 1243 842 occurrunt
1253 775 1471 842 dissensiones

309 884 342 943 et
363 875 609 960 repugnantiae,
631 873 696 941 hnc
716 875 795 942 iacit
817 877 915 942 etiam
938 877 1153 959 inaequalitas
1175 879 1234 944 illa
1255 878 1390 944 rationis
1410 877 1471 944 dis·

309 977 472 1064 ceptandi.
523 977 829 1060 Interpolatiouibus
863 984 972 1044 autem
1007 979 1116 1046 multis
1145 984 1178 1045 et
1208 980 1335 1062 magnis
1358 973 1471 1046 ‘Intro-

309 1075 434 1146 ductio²
457 1079 599 1144 laborat:
622 1097 757 1161 quarum
772 1079 917 1146 maxima
931 1085 963 1145 et
977 1099 1017 1146 ea
1032 1081 1236 1164 apertissima
1251 1081 1471 1148 calendarium

308 1187 359 1248 est
380 1181 494 1248 ultimo
516 1180 620 1246 libelli
641 1181 741 1264 capiti
763 1180 922 1247 adsutum.
961 1179 1056 1259 Quod
1078 1203 1151 1248 cum
1173 1183 1262 1249 nollo
1285 1183 1384 1250 modo
1400 1205 1471 1251 cum

307 1281 475 1350 sententiis
505 1283 611 1366 capite
633 1281 713 1347 XIV
741 1283 898 1364 expositis
920 1285 1087 1350 conciliari
1110 1292 1224 1368 queat,
1254 1286 1379 1368 optimo
1402 1287 1470 1352 iure

306 1403 366 1467 pro
406 1385 515 1467 spurio
544 1382 688 1450 habuere
711 1382 845 1450 Boeckh
870 1385 920 1458 (ci.
939 1386 959 1450 l.
977 1387 998 1452 l.
1023 1406 1055 1470 p.
1075 1388 1255 1471 Sproxx.);
1282 1386 1317 1453 G.
1337 1387 1472 1454 Wachs-

306 1484 396 1552 muth
420 1484 526 1569 (proli.
550 1486 584 1550 in
606 1487 666 1552 cal.
681 1484 795 1551 Graec.
811 1505 844 1569 p.
860 1486 993 1572 XLIV),
1017 1487 1165 1554 Schmidt
1187 1489 1239 1568 (oi.
1254 1489 1276 1553 l.
1291 1490 1314 1554 l.
1337 1511 1370 1573 p.
1388 1493 1471 1566 293).

307 1587 427 1654 Verum
455 1586 497 1653 de
523 1580 800 1654 ‘Introductionis’
835 1588 1139 1673 interpolationibus
1171 1591 1251 1656 alibi
1284 1591 1471 1659 adcuratius

306 1689 553 1772 disputabimus.

393 1791 484 1857 Haeo
513 1793 611 1874 igitur
632 1790 761 1858 Gemini
787 1784 1016 1858 ‘introductio'
1046 1793 1108 1858 etsi
1137 1794 1226 1860 nullo
1254 1793 1328 1860 loco
1351 1794 1471 1862 diserte

306 1891 351 1957 ad
365 1892 578 1959 Posidonium
601 1899 767 1978 provocat,
790 1899 899 1958 tamen
922 1895 1065 1977 aliquam
1088 1896 1190 1961 multa
1212 1895 1380 1962 doctmnae
1404 1898 1471 1963 eius

306 1993 444 2060 frustula
459 1996 614 2060 eontinet:
636 1995 722 2078 quod
739 1995 794 2077 qui
810 2015 882 2060 eam
897 2002 1019 2062 attente
1034 1997 1217 2079 perlegerit,
1233 1996 1324 2062 facili
1339 2001 1470 2081 negotio

307 2097 463 2179 cognorit.
513 2095 628 2180 Neque
666 2096 727 2162 hoc
763 2097 867 2162 aciem
901 2097 1065 2164 hominum
1098 2097 1265 2164 doctorum
1292 2103 1470 2182 praeteriit

306 2198 450 2280 Longius
473 2203 581 2263 autem
606 2217 794 2282 progressus
811 2206 860 2264 est
875 2199 1019 2266 Blessius
1041 2201 1098 2284 qui
1118 2207 1359 2284 programmate
1374 2204 1469 2268 modo

306 2299 439 2365 laudato
462 2300 611 2364 evincere
634 2301 756 2388 studuit
771 2300 900 2367 Gemini
915 2294 1218 2369 ‘Introductionem'
1244 2323 1286 2368 ex
1301 2322 1366 2370 uno
1382 2303 1468 2371 Posi·

306 2401 404 2467 donio
432 2400 581 2468 haustam
610 2420 691 2468 esse.
735 2401 805 2468 Nec
834 2423 912 2468 vero
941 2404 1113 2469 multorum
1136 2405 1193 2470 ille
1214 2405 1366 2488 plausum
1388 2409 1468 2472 tulit.

305 2503 432 2570 Acriter
465 2504 551 2568 enim
585 2503 616 2568 ei
648 2503 789 2570 oblocuti
823 2511 896 2570 sunt
928 2505 1139 2572 validissimis
1168 2509 1368 2588 argumentis
1397 2509 1469 2573 freti

306 2603 457 2671 Schmidt
478 2605 499 2670 l.
515 2606 536 2669 l.
553 2625 585 2688 p.
602 2607 763 2690 308sqq.;
787 2607 940 2688 Tannery
962 2607 996 2670 in
1018 2607 1100 2672 libro
1121 2601 1247 2674 ‘Geom
1271 2605 1336 2676 Gr.'
1361 2612 1468 2687 (1887)

305 2725 337 2790 p.
360 2709 503 2790 29sqq.;
536 2707 688 2774 Manitius
717 2709 738 2772 l.
762 2727 789 2774 c.
812 2728 844 2791 p.
870 2711 928 2772 101
954 2727 1070 2791 proxx.
1122 2707 1185 2787 Qui
1218 2709 1281 2775 viri
1314 2711 1404 2778 docti
1437 2719 1468 2776 ut

305 2809 425 2876 Blassii
448 2809 634 2892 opinionem
656 2810 830 2877 futtilitatis
854 2809 1022 2876 euidenter
1044 2812 1239 2894 coarguisse,
1262 2813 1309 2877 ita
1324 2812 1366 2878 de
1382 2815 1467 2879 testi·

305 2911 423 2977 moniis
444 2917 590 2976 veterum
612 2913 803 2995 scriptorum
826 2931 910 2996 quae
932 2913 975 2978 ad
991 2913 1160 2980 Geminum
1178 2915 1340 2997 pertinent
1355 2933 1467 2998 parum

305 3018 393 3078 recte
416 3011 577 3078 iudicasse
601 3012 681 3077 mihi
704 3013 863 3079 videntur.
904 3013 1064 3092 Quocirca
1087 3015 1240 3098 equidem
1262 3022 1364 3082 totam
1386 3035 1468 3100 quae

305 3112 347 3179 de
371 3112 509 3180 Gemino
539 3119 588 3180 est
615 3120 790 3180 retractare
819 3115 950 3181 decrevi
979 3118 1200 3200 quaestionem
1224 3137 1321 3201 quam
1343 3120 1467 3186 altioris

305 3213 468 3298 indaginis
491 3235 562 3282 esse
585 3217 689 3282 sentio
712 3235 808 3300 quam
831 3217 929 3300 volgo
951 3226 1073 3301 putant.

390 3317 587 3402 Incipiamus
616 3335 695 3384 vero
724 3337 745 3383 a
772 3321 955 3386 testimonio
986 3319 1143 3387 Prisciani
1167 3321 1262 3406 Lydi.
1305 3319 1385 3404 Qui,
1415 3323 1468 3389 vel

304 3419 412 3503 potius
434 3420 589 3485 barbarus
612 3419 669 3485 ille
692 3420 747 3502 qui
761 3420 870 3488 medio
885 3443 968 3490 aevo
984 3441 1058 3489 eum
1072 3424 1106 3488 in
1121 3443 1301 3490 sermonem
1317 3423 1467 3490 Latinum

305 3523 472 3601 convertit,
495 3541 527 3604 p.
544 3524 597 3604 42,
620 3523 720 3604 8sqq.
745 3522 853 3604 Byrsa:
880 3517 950 3591 ‘usi
973 3545 1101 3608 quoque
1123 3544 1248 3608 sumus,
1270 3526 1384 3609 inquit,
1409 3528 1468 3591 uti-

304 3623 390 3687 libus
405 3640 489 3705 quae
504 3631 578 3689 sunt
593 3643 636 3689 ex
651 3623 820 3690 Strabonis
836 3624 1061 3710 Geographia;
1076 3625 1193 3693 Lavini
1209 3627 1241 3701 (i.
1255 3645 1283 3692 e.
1297 3622 1470 3708 Ἀλβίνου)

305 3741 434 3806 quoque
457 3743 498 3789 ex
513 3724 588 3790 Gaii
611 3724 733 3791 scholis
754 3727 994 3810 exemplaribus
1009 3729 1248 3795 Platonicorum
1263 3727 1469 3811 dogmatum

304 3825 414 3892 adhuc
442 3828 540 3892 etiam
569 3845 611 3892 ex
642 3834 823 3893 commento
846 3828 975 3894 Gemini
998 3830 1164 3896 Posidonii
1190 3829 1232 3895 de
1253 3827 1468 3914 Mereoipwa?

305 3927 478 3993 Pristinam
515 3927 700 3994 Geminiani
736 3930 841 3995 libelli
878 3931 1120 4013 inscriptionem
1157 3937 1193 3996 ut
1228 3949 1467 4015 recuperemus,

305 4027 431 4095 Graeca
452 4029 547 4095 nobis
569 4028 758 4112 refingenda
779 4037 862 4097 sunt.
897 4029 990 4109 Quod
1012 4033 1109 4099 facile
1125 4040 1157 4099 et
1171 4033 1385 4117 probabiliter
1398 4034 1468 4101 heri

304 4135 427 4215 potest,
461 4130 558 4198 modo
591 4151 688 4214 quam
721 4133 754 4198 in
788 4134 943 4216 scriptore
972 4133 1097 4202 Graeco
1131 4134 1287 4202 vertendo
1319 4155 1466 4203 normam
