3270 4968
446 403 487 457 De
505 402 629 458 codicum
646 403 847 458 leucrateorum
863 403 1035 458 auctoritate.
1254 405 1314 462 101

165 595 237 642 eum
258 577 339 642 loeis
361 595 459 659 supra
487 577 594 641 allatis
618 578 836 642 contaminet:
865 576 1068 642 exhibentur.
1098 577 1137 642 ef.
1161 595 1322 660 papyrum

166 679 319 745 orationis
339 673 394 744 ‘de
417 675 519 761 paee',
542 679 575 742 iu
597 698 660 760 quo
682 679 783 744 verbu
803 678 999 763 paragraphi
1017 683 1075 743 141
1093 683 1157 742 τῶν
1179 675 1325 764 ἑλλήνων

165 778 365 865 ἐλευθερίας
387 801 408 846 a
427 787 609 847 correctore
631 785 755 846 mutata
776 788 850 847 sunt
871 781 933 847 sie:
958 780 1021 844 ιιῖιν
1044 776 1152 844 ἄλλων
1175 777 1324 866 ἑλλήνων

164 879 373 964 ἐλευθερίας.
430 885 480 948 46.
511 878 670 946 ἁπάντων
704 892 832 958 κοινοῖς
861 885 945 957 ΛΠ,
979 882 1068 966 quod
1102 883 1323 966 recipiendum

166 1003 236 1050 esse
259 991 337 1068 pute
352 986 425 1051 eoll.
440 985 472 1048 X
488 989 540 1066 40,
562 1005 658 1068 quem
675 985 781 1050 loeum
797 983 936 1051 Fuhrius
951 985 1059 1050 attulit
1073 986 1106 1049 in
1122 1005 1202 1051 mus.
1220 985 1323 1052 Rhen.

162 1087 311 1152 XXXIII
333 1109 365 1171 p.
388 1090 461 1170 333,
486 1093 518 1152 et
538 1086 650 1162 XVIII
673 1090 724 1152 34.
748 1077 787 1149 οὗ
809 1086 890 1162 τοὺς
911 1093 972 1170 τῆς
995 1085 1129 1162 πόλεως
1150 1085 1254 1168 μόνον
1270 1085 1322 1150 νό-

163 1213 250 1270 μους
272 1186 356 1252 άλλὰ
380 1187 531 1264 καὶτοὺς
546 1183 707 1252 ἁπάντων
723 1185 858 1264 κοιυούς
873 1186 1140 1272 παραβήσεσθει
1163 1182 1323 1253 ἁπάντων

161 1283 360 1374 ἀνθρώπων
388 1301 517 1366 κοινοῖς
540 1289 690 1368 ΓΘαΛα,
721 1284 881 1354 ἁπάντων
905 1302 1033 1366 κοινοῖς
1061 1286 1255 1375 ἀνθρώπων
1277 1289 1322 1356 D.

162 1397 214 1459 52.
236 1399 301 1456 τῶν
324 1398 446 1457 κοινῶν
470 1387 630 1456 ἁπάντων
652 1396 742 1458 AII:
771 1389 932 1456 ἁπάντων
961 1397 1025 1455 τῶν
1047 1397 1168 1456 κοινῶν
1191 1396 1228 1466 Γ,
1257 1397 1323 1454 σοῖν

162 1501 285 1559 κοινῶν
309 1515 371 1562 om.
394 1493 446 1580 D3
469 1496 546 1561 vide
571 1495 633 1560 XV
658 1497 719 1558 145
748 1499 781 1560 et
809 1493 906 1559 Vuhr.
936 1513 1017 1560 mue.
1046 1493 1148 1561 Rheu.
1177 1493 1325 1560 XXXIII

160 1619 192 1682 p.
219 1601 290 1680 336,
317 1599 371 1680 qui
394 1605 561 1682 eomparat
582 1599 689 1664 Ioeum
713 1617 759 1662 er.
782 1595 846 1662 XII
872 1599 933 1662 139
956 1596 999 1662 ad
1014 1597 1149 1662 verbum
1164 1597 1232 1662 fere
1247 1615 1321 1662 eum

162 1704 194 1764 Γ
212 1701 434 1784 quadrantem.
480 1705 530 1766 53.
554 1688 594 1763 ἂν
625 1695 896 1782 ὁμολογήσαιμεν
925 1702 1014 1762 AII:
1049 1691 1320 1784 ὁμολογήσαιμεν

162 1797 203 1866 ἂν
228 1806 259 1866 Γ
257 1853 264 1867 .
309 1806 360 1867 57.
383 1807 459 1878 πῶς
487 1785 548 1866 οὖν
580 1798 678 1882 εἴπερ
705 1805 759 1865 A:
783 1805 858 1876 πῶς
886 1797 985 1881 εἴπερ
1017 1803 1053 1864 Γ.
1099 1802 1150 1866 63.
1180 1799 1323 1864 παιδευ-

162 1909 309 1992 θεῖημεν
331 1908 382 1970 A:
417 1902 667 1980 παιδευθεῖμεν
698 1907 734 1967 Γ.
779 1905 831 1968 64.
854 1899 1036 1968 θάλασσαν
1059 1909 1113 1966 A:
1148 1900 1322 1966 θάλατταν

163 2012 195 2071 Γ
192 2058 200 2073 .
244 2010 296 2071 65.
325 2002 451 2068 τούτων
480 2012 533 2071 A:
566 2011 685 2068 τοῦτον
718 2009 754 2070 Γ.
800 2007 851 2070 68.
885 2009 1061 2089 συμφέρον
1094 2011 1133 2068 A
1166 2003 1323 2070 editores:

164 2114 334 2193 συμφέρει
357 2110 393 2172 Γ.
439 2111 489 2172 71.
511 2098 634 2182 αὐτοὺς
655 2101 743 2186 ὑμᾶς
770 2104 978 2187 βουλόμενος
1000 2113 1053 2171 A:
1083 2100 1171 2187 ὑμᾶς
1199 2125 1262 2171 om.
1286 2109 1317 2167 Γ
1315 2154 1322 2169 .

164 2212 215 2276 76.
238 2205 370 2284 πάντας
392 2214 446 2273 A:
476 2205 631 2285 ἅπαντας
654 2212 690 2272 Γ.
736 2211 787 2274 80.
811 2206 846 2274 ἒν
875 2219 948 2284 τοῖς
975 2207 1111 2290 χρόνοις
1133 2211 1322 2290 γενομένων

162 2319 218 2376 A:
257 2311 292 2376 ἒν
325 2319 398 2386 τοῖς
415 2307 608 2393 ,πράγμασι
641 2312 845 2393 γιγνομένων
876 2314 912 2372 Γ.
959 2309 1025 2376 Sed
1054 2309 1199 2376 Blassius
1228 2328 1321 2391 pura·

163 2415 289 2500 grapho
314 2417 372 2479 56:
395 2408 457 2488 τάς
479 2411 515 2478 ἐν
537 2423 610 2488 τοῖς
634 2410 831 2494 πράγμασιν
854 2409 1114 2496 ἒγγεγενημέυας
1137 2417 1324 2492 eompureta

164 2517 200 2582 ἐν
222 2526 296 2593 τοῖς
322 2511 519 2598 πράγμασιν
548 2511 775 2596 ἐγγενομένων
805 2515 983 2598 proposuit,
1017 2512 1104 2597 quod
1131 2518 1240 2577 tamen
1269 2531 1323 2575 ne-

163 2620 339 2686 cessarium
361 2637 426 2684 non
448 2615 586 2698 videtur,
616 2635 688 2682 eum
712 2616 745 2680 in
768 2632 813 2681 or.
836 2617 881 2681 IV
904 2617 944 2680 97
973 2615 1088 2681 eadem
1119 2613 1201 2678 haee
1223 2613 1324 2678 verbu

163 2723 328 2804 legantur:
352 2716 431 2794 τοὺς
454 2716 490 2782 ἐν
513 2723 560 2801 τηῖ
583 2717 757 2799 πράγμασι
780 2722 989 2798 γενομένους.
1033 2715 1147 2799 Neque
1176 2713 1322 2780 Blassius

164 2829 251 2889 eerto
274 2822 385 2886 nititur
406 2819 626 2903 fundamento,
648 2840 720 2885 eum
743 2819 777 2884 in
801 2822 819 2896 §
843 2821 882 2884 56
905 2817 1071 2885 eodieibus
1091 2813 1323 2881 AIIIVOVA‘I

163 2924 316 2990 traditum
339 2924 395 2988 sit:
424 2919 485 2996 τὰς
513 2918 549 2986 ἐν
572 2931 645 2996 τοῖς
673 2921 894 3003 πράγμασι(ν)
922 2925 1155 3003 γεγενημένας,
1186 2937 1323 3003 quocum

163 3025 315 3092 eonveniI
336 3023 454 3107 papyri
476 3023 588 3088 lectio:
612 3045 673 3097 τας
690 3047 725 3087 εν
741 3045 814 3098 τοις
829 3043 1007 3104 πραγμασι
1021 3043 1213 3103 γενομενας,
1237 3020 1323 3104 quod

162 3134 296 3211 propter
318 3127 491 3191 leefionum
521 3123 783 3191 coneorduntiam
811 3126 945 3209 recipio.
989 3125 1073 3190 Nam
1102 3143 1144 3189 ex
1174 3143 1235 3190 usu
1256 3124 1323 3188 Iso·

164 3235 272 3296 erateo
303 3227 385 3292 nihil
415 3225 561 3310 effieitur,
590 3247 662 3292 eum
684 3226 844 3293 Isocrates
866 3228 979 3310 iungat
1001 3233 1034 3291 et
1055 3226 1156 3291 verba
1180 3219 1324 3306 ἐγγίγνε-

166 3333 254 3395 σθαί
269 3350 351 3392 τινος
375 3328 423 3392 ΠΙ
438 3331 467 3392 6.
490 3328 537 3392 IV
552 3332 603 3392 44.
627 3328 705 3393 VIII
721 3332 792 3394 102.
817 3332 1051 3413 (γεγενημένην
1066 3332 1117 3401 Λ)
1136 3327 1205 3390 132.
1228 3325 1261 3390 Χ
1273 3329 1323 3390 55.

163 3434 230 3500 XII
254 3433 324 3497 198.
348 3429 409 3494 XV
432 3431 484 3494 32.
511 3433 581 3494 130.
605 3432 677 3495 206.
702 3433 774 3494 214.
798 3433 882 3512 217,
911 3437 945 3496 et
966 3432 1146 3510 γίγνεσθαι
1174 3427 1211 3491 ἔν
1240 3449 1323 3491 τινα

166 3536 212 3601 Ν
235 3535 286 3600 97.
316 3533 345 3597 V
368 3535 419 3596 90.
446 3535 515 3596 141.
546 3531 606 3596 VII
630 3534 680 3596 38.
709 3533 787 3597 VIII
810 3536 860 3597 56.
889 3534 939 3596 80.
966 3535 1036 3596 104.
1064 3531 1113 3595 IX
1136 3532 1186 3593 31.
1216 3529 1249 3593 X
1272 3533 1322 3594 55.

163 3637 228 3702 XII
250 3639 301 3700 96.
328 3636 397 3698 102.
421 3632 482 3697 XV
507 3635 578 3696 116.
602 3651 653 3716 ep.
677 3633 725 3698 IX
748 3638 789 3715 4.,
813 3642 845 3700 et
867 3633 1087 3716 ἐγγίγνεσθαι
1110 3629 1145 3696 ἔν
1168 3651 1250 3694 em:
1274 3631 1322 3695 III

164 3745 215 3804 54.
245 3738 289 3802 IV
315 3739 386 3800 150.
414 3735 442 3799 V
466 3737 516 3798 60.
546 3735 606 3800 VII
630 3737 680 3800 78.
710 3736 741 3800 Χ
764 3738 793 3799 2.
824 3735 888 3800 XII
916 3739 933 3798 7
968 3737 1160 3816 (γενομένην
1184 3735 1216 3812 ς)
1251 3734 1321 3797 183.

162 3841 245 3908 XIII
277 3844 324 3903 14.
357 3837 418 3902 XV
449 3839 521 3902 200.
552 3837 630 3902 XVI
659 3842 710 3902 45.
755 3836 935 3920 Singulari:
969 3836 1023 3903 hIe
1052 3837 1142 3903 loeus
1176 3843 1324 3918 superest

163 3945 192 4011 V
218 3945 295 4006 124:
331 3937 424 4020 παρὰ
457 3938 518 4018 μὲν
548 3949 620 4013 τοῖς
649 3933 837 4020 βαρβάροις
941 3936 1062 4020 ἄνδρες
1095 3935 1321 4020 ἑγγεγόνασιν,

164 4045 221 4129 qui
243 4063 285 4108 ue
298 4039 454 4108 ‘eodieum
478 4039 609 4124 quidem
632 4039 822 4106 auctoritate
844 4041 983 4124 fulcitur,
1013 4057 1086 4106 eum
1114 4040 1211 4105 leeti0
1234 4035 1322 4121 ἐγγε-

163 4145 302 4230 γόνασιν
326 4145 497 4210 eorreeturi
515 4145 533 4204 2
550 4143 672 4210 eodieis
689 4145 720 4205 Γ
731 4141 902 4224 debeatur3
925 4143 1134 4224 quemobrem
1157 4143 1322 4224 vulgatam
