3170 4984
168 384 243 452 Quae
260 382 331 437 ratio
348 381 500 438 intercedat
515 381 587 438 inter
598 381 750 438 Vitruvium
768 387 796 438 et
806 383 977 439 Athenaeum
993 383 1187 440 mechanicum.
1225 385 1287 450 297

131 555 333 622 limitationis
349 573 444 638 quem
458 575 622 638 vocamus,
645 573 841 638 quamquam
863 556 967 638 magis
989 557 1023 623 in
1045 565 1196 642 promptu
1219 566 1289 626 erat

133 659 274 727 scribere
293 649 429 738 ‘ductor
452 649 619 738 ἔχουσαν.
663 657 730 724 Sed
759 677 815 725 eur
837 656 1024 726 Athenaeus
1049 658 1136 726 idem
1159 659 1210 726 bis
1232 679 1288 726 ex-

131 760 274 846 pressit?
288 779 363 825 nam
375 753 532 845 ζχελώνην
547 755 607 844 τὴν
623 749 739 844 adeda?
766 764 798 826 ct
817 751 975 844 ‘xetcdrpr
998 757 1138 841 ἔχουσαν
1161 753 1288 844 ὁμοίως

130 861 192 947 τὴν
206 851 421 946 κατασκευήν
440 862 527 928 idem
543 867 601 928 est.
634 861 684 928 Ac
705 862 884 945 particulae
906 861 967 944 μὲν
982 891 1027 908 *-
1041 860 1078 927 dh
1100 863 1179 930 satis
1202 863 1289 932 clarc

132 963 315 1049 significant
328 970 402 1047 post
415 955 522 1047 ‘accpi’
537 969 594 1029 aut
605 962 767 1030 excidisse
779 965 914 1031 verbum
925 965 1065 1032 notionis
1074 956 1286 1047 ‘depudesco'

130 1073 187 1134 aut
201 1067 317 1134 saltem
338 1065 434 1133 simul
455 1063 654 1131 audiendum
677 1084 759 1133 esse.
803 1063 875 1144 Quo
898 1067 1048 1151 suppleto
1070 1069 1137 1134 iam
1160 1069 1290 1134 omnino

130 1190 196 1236 non
224 1170 301 1235 licet
329 1168 473 1250 cogitare
502 1167 543 1232 de
573 1168 631 1232 tali
652 1168 782 1250 qualem
805 1168 986 1236 Rochasius
1008 1169 1113 1236 voluit
1134 1171 1290 1253 interpre-

130 1273 262 1338 tatione.
296 1269 440 1336 Terebra
462 1269 559 1352 igitur
581 1269 609 1336 si
632 1269 747 1337 similis
771 1277 840 1336 erat
861 1269 955 1338 arieti
978 1273 1153 1355 subrotato,
1177 1289 1290 1338 conce-

130 1373 274 1441 dendum
309 1379 358 1439 est
391 1370 531 1455 quodam
565 1370 662 1439 modo
695 1370 798 1455 figura
826 1373 884 1438 illa
912 1375 1149 1457 repraesentari
1178 1374 1290 1440 arietis

128 1476 313 1558 imaginem.
460 1528 468 1551 >

218 1574 356 1643 Accedit
379 1560 467 1658 quod
489 1575 587 1641 etiam
608 1579 705 1641 antea
727 1579 770 1659 (p.
789 1580 838 1658 10,
855 1579 887 1656 4)
910 1577 953 1644 de
974 1579 1032 1644 tali
1056 1576 1207 1644 machina
1229 1583 1291 1643 tra·

131 1681 236 1748 ditum
251 1684 301 1746 est
312 1671 410 1759 ‘perd
425 1677 532 1741 ταῦτα
548 1674 584 1740 δὲ
600 1673 765 1762 ἐποίησάν
779 1699 869 1754 τινες
891 1675 950 1744 ἐπὶ
972 1678 1153 1765 κυλίνδρων
1176 1701 1292 1762 προω-

129 1778 300 1862 θούμενον
322 1775 381 1844 τὸν
402 1775 496 1863 κριὸν
518 1779 574 1844 καὶ
597 1770 703 1854 οὕτως
725 1772 893 1863 ἐχρῶντο’,
917 1783 1060 1865 itemque
1082 1781 1172 1866 apud
1185 1782 1291 1848 Anon.

129 1885 211 1968 Byu.
235 1882 296 1958 (W.
312 1903 343 1966 p.
362 1885 434 1965 232,
451 1884 483 1959 8)
503 1877 571 1946 ‘aad
596 1878 704 1965 ἕτεροι
727 1879 785 1948 ἐπὶ
807 1881 988 1968 κυλίνδρων
1018 1875 1299 1968 προωθοῦνταιί

130 2004 329 2070 quamquam
355 1983 436 2051 haec
458 1983 593 2050 forsitan
616 2004 658 2050 ex
680 1986 751 2070 ipso
774 1985 943 2052 Athenaeo
966 1985 1083 2054 hausta
1107 1987 1179 2052 sint.
1226 1985 1292 2052 Sed

130 2108 232 2154 unum
259 2106 324 2152 non
346 2086 561 2169 intellegitur,
589 2087 617 2153 si
647 2086 751 2171 figura
779 2089 837 2154 illa
858 2089 970 2155 arietis
993 2090 1148 2156 subrutati
1171 2089 1292 2154 formas

129 2189 350 2258 circumscribi
372 2188 536 2254 sumimus.
576 2188 733 2257 Videmus
756 2192 842 2256 enim
871 2211 892 2256 a
921 2191 1100 2275 posteriore
1121 2189 1293 2257 machinae

129 2298 225 2378 parte
241 2290 322 2357 duas
338 2290 467 2357 suculas
483 2290 603 2356 circum
625 2310 705 2373 quas
728 2292 821 2359 funes
844 2313 916 2359 cnm
939 2293 1040 2359 ariete
1062 2293 1224 2360 coniuncti
1247 2291 1293 2356 ita

132 2394 321 2476 ductisunt,
345 2397 389 2474 ut,
413 2391 442 2458 si
464 2391 541 2457 illae
563 2393 710 2459 vectibus
733 2393 1035 2478 circumagerentur,
1057 2395 1143 2460 aries
1165 2412 1293 2476 promo·

130 2500 276 2580 veretur,
308 2495 336 2560 si
363 2495 397 2558 in
420 2495 613 2560 contrariam
635 2500 761 2578 partem
783 2501 1083 2580 contorquerentur,
1114 2493 1221 2561 trabes
1243 2513 1292 2560 re·

129 2596 321 2664 traheretur.
361 2595 427 2662 Sed
448 2602 586 2679 apparet
608 2597 735 2664 etiamsi
758 2599 890 2665 suculae
913 2618 1009 2681 quam
1032 2596 1200 2664 celerrime
1222 2595 1293 2662 fieri

130 2700 239 2784 potnit
254 2698 403 2766 humanis
419 2699 567 2766 manibus
587 2703 752 2766 contortae
774 2699 847 2782 sint,
869 2700 990 2766 lentam
1013 2705 1122 2765 tamen
1145 2698 1293 2766 effectam

132 2821 206 2868 esse
225 2799 325 2868 trabis
348 2801 599 2884 promotionem:
622 2801 726 2883 magis
748 2800 847 2884 igitur
869 2800 988 2868 idonea
1011 2821 1051 2868 ca
1072 2800 1224 2868 machina
1246 2801 1292 2866 vi·

130 2904 244 2986 detur,
273 2922 338 2986 qna
360 2903 393 2966 in
415 2921 541 2968 murum
563 2900 620 2968 fiat
640 2903 765 2986 pressio
789 2923 885 2985 qnam
907 2905 1020 2988 plaga,
1048 2902 1167 2969 idonea
1189 2903 1294 2986 magis

131 3025 218 3089 quae
232 3010 365 3072 vocetur
379 3005 509 3070 terebra
531 3023 628 3086 quam
649 3005 744 3070 aries.
790 3005 903 3088 Itaque
927 3003 1014 3071 hand
1037 3006 1104 3072 scio
1127 3026 1169 3071 an
1191 3004 1295 3088 figura

129 3125 247 3172 revera
275 3105 453 3172 secundnm
474 3106 622 3172 terebrae
645 3105 896 3189 descriptionem
920 3108 1006 3174 iacta
1028 3113 1062 3174 et
1083 3125 1160 3174 casu
1183 3108 1295 3190 aliquo

132 3211 168 3274 in
191 3227 281 3291 eum,
305 3209 360 3274 ubi
383 3208 523 3274 nuncin
550 3207 621 3274 cod.
637 3207 733 3274 Vind.
750 3214 866 3292 exstat,
890 3209 997 3275 locum
1019 3211 1177 3276 translata
1199 3211 1250 3276 sit.

220 3309 315 3388 Quod
346 3310 444 3376 etiam
470 3311 537 3377 alia
562 3328 597 3375 re
624 3329 722 3394 cogor
750 3329 898 3376 censere:
927 3319 1169 3394 persuasum
1193 3313 1294 3378 enim

131 3413 267 3479 habeo
291 3431 390 3495 quas
412 3410 655 3478 Wescherus
679 3431 697 3477 e
719 3413 842 3478 libris
865 3433 951 3481 mss.
976 3413 1113 3480 edidit
1134 3414 1294 3496 figuras

131 3517 295 3582 omnino
325 3514 482 3580 nullius
505 3527 596 3580 esse
626 3515 754 3597 pretii
784 3534 912 3599 neque
941 3515 991 3582 ad
1012 3523 1222 3584 auctorem
1245 3517 1295 3581 li·

129 3616 237 3686 belli
262 3615 402 3683 re'dire
433 3615 504 3682 sed
532 3617 658 3683 multo
687 3623 797 3700 post,
827 3637 898 3684 cnm
927 3619 1038 3686 arietis
1060 3619 1218 3685 subrutati
1239 3617 1295 3685 de·

133 3720 266 3804 scriptio
282 3719 348 3784 iam
369 3716 496 3801 pridem
520 3719 658 3802 perisset
680 3723 767 3794 (nam
789 3718 990 3787 desideravit
1013 3739 1084 3786 eam
1106 3727 1141 3786 nt
1163 3719 1295 3787 demon·

132 3823 308 3889 stravimus
331 3821 396 3887 iam
419 3821 607 3904 Vitruvius),
630 3820 678 3886 ab
701 3821 844 3904 aliquo
867 3822 1001 3888 factas
1017 3841 1108 3889 esse
1131 3841 1180 3889 ex
1203 3842 1294 3890 con·

131 3930 249 3991 textu
271 3923 450 4008 quidem,
473 3930 655 3990 attamen
677 3941 933 4006 nequaqnam
955 3925 1180 3992 intellecto.
1211 3924 1296 3990 Nam
1386 4003 1388 4018 μ

134 4047 208 4094 cnm
242 4027 341 4092 etiam
376 4044 434 4109 per
469 4044 505 4092 se
532 4023 694 4091 Athenaei
729 4023 964 4108 descriptiones
993 4043 1091 4109 saepe
1124 4026 1203 4093 satis
1232 4027 1297 4093 sint

133 4129 308 4210 obscurae,
342 4125 541 4194 difficiliores
571 4146 648 4194 sane
679 4134 752 4194 sunt
786 4128 952 4194 intellectu
985 4128 1141 4212 respectis
1173 4127 1296 4212 figuris,
