3170 4984
306 383 370 442 reo
783 381 848 438 ota
866 381 993 438 eodan
1074 345 1076 352 ’

307 557 385 623 dam
406 561 614 639 shategema,
635 555 848 640 oneratione
869 553 989 622 lactum
1013 561 1072 640 est,
1099 561 1134 622 ut
1156 555 1319 640 quaedam
1342 577 1386 624 ex
1407 559 1477 628 illis

306 659 472 743 prioribus
500 664 533 725 ct
560 655 826 725 contraherentur
855 663 887 723 et
914 663 1167 726 removerentur.
1218 658 1342 727 Tamen
1373 660 1476 728 etiam

304 761 359 829 hio
381 759 542 845 quaedam
566 759 745 826 desiderari
760 758 1005 826 concedendum
1020 766 1079 845 est,
1103 779 1187 844 quae
1210 761 1317 826 omitti
1336 781 1475 830 necesse

304 885 372 932 nou
392 869 469 931 erat.
476 863 497 940 ¹)

390 1069 436 1138 Ut
449 1066 591 1148 deniqne
607 1083 672 1130 ano
686 1064 720 1130 in
736 1070 911 1148 conspeetu
926 1065 1039 1150 paucis
1052 1063 1289 1148 comprehensa
1301 1087 1474 1151 ponamus,

304 1189 387 1255 qnae
411 1188 456 1235 ex¹
475 1167 554 1252 hac,
584 1185 682 1251 quam
711 1183 791 1232 sane
817 1168 1000 1250 magnaei
1028 1174 1120 1252 parte
1150 1169 1254 1252 magis
1276 1169 1472 1238 adumbravi

305 1289 403 1357 quam
416 1271 564 1355 exposui,
580 1269 773 1353 quaestione
782 1267 825 1334 de
842 1268 999 1335 DiomV
1014 1272 1118 1334 1-48
1134 1290 1219 1336 cnm
1235 1271 1339 1336 Plut
1355 1271 1473 1338 Puer.

308 1374 483 1443 collatis
506 1370 659 1455 cognosci
680 1389 777 1454 posse
800 1369 909 1453 oredo,
932 1369 1015 1438 haec
1032 1371 1184 1438 ridentur
1205 1372 1355 1440 dicenda
1394 1375 1473 1440 Alia

304 1478 338 1542 in
360 1477 435 1543 aliis
456 1475 603 1560 partibus
625 1473 709 1540 ratio
732 1471 862 1540 ridetur
884 1472 968 1538 inter
986 1472 1137 1558 Dionysii
1161 1481 1192 1541 et
1208 1474 1375 1542 Plutarchi
1397 1496 1471 1542 nar·

301 1579 445 1646 rationes
459 1575 671 1644 intercedere.
702 1573 786 1640 Nam
802 1573 900 1640 modo
916 1575 1035 1657 omnia,
1051 1593 1136 1658 quae
1152 1575 1343 1644 Plutarchus
1358 1578 1471 1661 refert,

302 1681 495 1765 praesertim
519 1677 606 1762 quod
629 1676 673 1743 ad
695 1677 840 1759 singulas
863 1695 915 1744 res
932 1676 1057 1760 attinet,
1081 1695 1123 1742 ex
1139 1677 1288 1763 Dionysii
1311 1681 1472 1746 memoria

304 1781 423 1848 deduci
445 1787 589 1865 possunt,
613 1778 711 1845 modo
726 1777 878 1862 Dionysii
900 1780 1041 1844 narratio
1060 1780 1169 1846 omnia
1190 1780 1268 1866 fere,
1292 1801 1376 1864 quae
1393 1782 1467 1848 Plu·

303 1881 435 1950 tarehus
457 1883 572 1966 tradit,
595 1882 775 1965 recepisse,
805 1887 840 1946 ut
868 1881 915 1948 ita
937 1880 1059 1958 dicam,
1082 1882 1211 1948 videtur
1239 1889 1272 1950 et
1299 1883 1471 1950 immutata

301 1989 433 2072 saepius
455 1993 490 2052 et
508 1991 605 2053 aucta
626 1985 827 2068 plerumque.
872 1981 980 2062 Quare
1002 1984 1106 2066 magis
1128 1983 1178 2050 ad
1194 1984 1357 2051 Virckii
1379 2005 1470 2052 sen·

302 2091 470 2157 tentiam
498 2088 655 2154 inclino
689 2085 898 2153 censentis
928 2085 1133 2152 Valerium
1161 2085 1370 2154 Antiatem
1404 2087 1472 2154 his

173 2209 176 2216 ·
302 2190 466 2276 quidem
487 2189 535 2256 de
557 2190 678 2255 rebus
700 2188 747 2254 ab
769 2193 938 2254 auctore
959 2187 1157 2272 Dionysii
1186 2208 1262 2256 non
1285 2208 1375 2256 esse
1400 2209 1469 2256 ex-

301 2295 514 2380 scriptum,
537 2309 734 2376 quamquam
752 2289 973 2373 meconidem
989 2289 1111 2356 iudicio
1126 2291 1185 2356 vix
1206 2309 1348 2374 unquam
1370 2293 1471 2358 certis

300 2395 498 2482 argumentis
520 2393 723 2478 comprobari
745 2393 872 2478 poterit
918 2391 985 2458 Sed
1015 2397 1086 2458 utut
1107 2411 1159 2458 rer
1181 2412 1217 2460 se
1246 2393 1362 2478 hahet,
1393 2413 1468 2460 eum

301 2505 388 2568 certe
417 2497 555 2564 fructum
578 2515 620 2561 ex
641 2501 793 2562 accurata
815 2495 1057 2578 comparatione
1086 2495 1212 2577 cepisse
1238 2495 1320 2561 mihi
1342 2495 1470 2580 videor,

300 2608 337 2668 ut
359 2618 588 2683 cognoscerem
610 2599 856 2681 memoriam,
879 2617 994 2681 quam
1019 2597 1248 2680 Dionysius
1270 2597 1467 2682 tradidit,

300 2703 427 2770 multo
450 2702 578 2784 magis
600 2701 807 2765 annalium
829 2700 1078 2784 scriptorum
1098 2701 1261 2768 artibus
1285 2721 1379 2768 esse
1397 2722 1466 2768 ex·

301 2810 482 2871 ornatam
505 2809 544 2868 ct
566 2802 720 2867 maiore
741 2802 982 2868 subtilitate
1004 2802 1226 2887 excultam,
1250 2823 1365 2887 quam
1388 2804 1469 2870 Arr-

300 2907 423 2974 tiatis
449 2904 729 2971 narrationem
757 2903 880 2969 fuisse
904 2923 952 2970 ex
974 2903 1199 2972 Plutarcho
1222 2907 1371 2989 colligi
1396 2926 1470 2990 po·

300 3015 397 3093 test,
414 3008 642 3090 magisque,
658 3003 874 3072 uttiraeco
890 3004 1015 3072 verbo
1036 3013 1144 3090 utar,
1160 3009 1469 3091 πραγματικῶς

300 3112 466 3196 singula
488 3108 622 3176 omnia
645 3124 736 3174 esse
759 3123 923 3174 conexa

389 3298 413 3359 t)
432 3292 561 3347 Occurrit
577 3292 607 3346 in
622 3291 675 3346 hac
687 3287 812 3360 Dionysii
827 3294 907 3360 parte
924 3292 1005 3346 lectio
1019 3293 1170 3346 scribarum
1181 3294 1288 3348 incuria
1301 3294 1468 3364 depravata:

301 3394 399 3434 censeo
418 3379 488 3432 enim
506 3377 588 3432 Dion.
607 3377 633 3431 V
650 3379 719 3444 lae
738 3392 788 3446 pro
810 3379 896 3442 Τῖτος
915 3371 1055 3442 Κλαύδιος
1074 3377 1136 3431 coll.
1154 3377 1213 3432 Liu.
1232 3375 1260 3432 il
1274 3381 1315 3447 16,
1327 3383 1344 3432 4
1358 3372 1466 3434 ‘Attius
1570 3409 1571 3420 ι

301 3455 430 3518 Glauaue'
455 3469 482 3517 et
503 3461 576 3516 Plut.
596 3461 675 3516 Puhl.
699 3465 746 3516 tl:
765 3454 886 3530 ‘Appius
910 3455 1037 3516 Clausus'
1061 3461 1235 3517 scribendum
1258 3475 1333 3518 esse:
1361 3457 1467 3530 Ἄττιος

302 3542 443 3612 Κλαύδιος
460 3545 513 3612 (rel
532 3545 691 3612 smscoclr
711 3547 833 3604 ΤΙΤΟΣ
846 3547 918 3600 enim
936 3561 971 3600 ex
987 3549 1158 3614 (Alsum
1173 3551 1341 3617 corruptum.
