3170 4984
145 369 217 438 Quae
235 368 305 424 ratio
323 369 475 425 intercedat
491 369 562 424 inter
574 369 726 426 Vitruvium
743 375 772 425 et
784 371 955 426 Athenaeum
972 370 1168 427 mechanicum.
1205 369 1266 430 315

113 542 215 626 capite
244 542 363 610 ferrato
392 543 526 626 tignum.
571 541 638 610 Sub
662 561 700 610 eo
723 548 830 611 autem
853 543 885 609 in
916 543 988 628 ipso
1018 545 1123 612 canali
1151 543 1267 613 inclusi

112 643 177 710 tobi
201 643 304 710 crebri
326 645 498 712 celeriores
522 649 554 710 et
576 643 834 714 vehementiores
858 643 1041 728 efficiebant
1062 645 1131 714 eius
1152 652 1266 714 motus.

194 947 300 1033 Supra
314 953 422 1016 autern
438 947 472 1014 id
489 949 622 1033 tignum,
646 947 734 1033 quod
749 949 829 1016 inibi
845 955 923 1033 erat,
946 969 1040 1018 arcus
1063 949 1268 1036 erigebantur

110 1049 152 1117 ad
181 1052 327 1118 canalem
350 1051 520 1134 crebriter,
552 1052 599 1118 uti
625 1052 819 1119 sustinerent
840 1051 962 1119 corium
986 1051 1119 1120 crudum
1141 1073 1205 1138 quo
1228 1073 1268 1120 ea

110 1150 258 1220 machina
281 1159 349 1220 erat
371 1153 525 1221 involuta.
603 1153 606 1164 ’

195 1559 246 1626 De
277 1580 391 1628 corace
413 1560 495 1628 nibil
517 1562 645 1642 putavit
667 1560 722 1646 (cs
744 1560 867 1626 dissert.
888 1583 921 1647 p.
944 1565 1020 1640 299)
1051 1563 1265 1650 scribendum,

110 1660 194 1744 quod
217 1662 491 1731 animadverteret
513 1684 586 1732 eam
608 1663 791 1732 machinam
814 1665 937 1732 nullam
960 1665 1081 1733 habore
1104 1666 1265 1733 virtutem.

193 1763 244 1830 De
275 1784 408 1832 accessu
431 1785 515 1850 quae
538 1763 715 1851 ἐπιβάθρα
737 1787 853 1850 graece
877 1766 994 1842 dicitur
1016 1773 1048 1836 et
1070 1767 1111 1834 de
1133 1768 1265 1836 marinis

110 1865 399 1936 machinationibus
429 1888 512 1953 quae
535 1868 575 1948 (l)
600 1888 658 1953 per
679 1869 811 1936 navium
835 1869 876 1951 (l)
898 1869 1005 1938 aditus
1028 1868 1148 1938 habere
1170 1890 1266 1955 posse

110 1969 238 2053 scripsit
253 1975 375 2036 tantum
396 1970 574 2054 pollicitum
599 1990 671 2039 esse
693 1970 903 2040 vehomenter
924 1972 1139 2040 animadverti
1161 1992 1266 2057 neque

109 2069 250 2138 rationes
273 2091 382 2139 earum
406 2091 478 2139 eum
501 2073 728 2157 explicavisse.

195 2478 349 2562 Testndu
366 2498 448 2564 quae
463 2478 505 2546 ad
522 2479 761 2562 congestionem
776 2479 933 2546 fossarum
948 2487 1079 2564 paratur

607 2886 762 2970 eaqueff)
786 2886 884 2952 etiam
906 2904 1055 2953 accessus
1078 2885 1121 2952 ad
1143 2906 1267 2953 murum

109 2996 216 3074 potest
238 2989 376 3072 habere,

111 3093 157 3160 sic
179 3094 241 3161 erit
261 3089 427 3160 facienda:
456 3090 544 3158 basis
567 3091 805 3175 compingatur,
828 3109 912 3175 quaa
934 3110 1050 3175 graece
1074 3085 1197 3176 ἐσχάρα
1219 3090 1267 3156 di·

113 3196 203 3279 citur,
219 3191 387 3279 quadrata,
401 3191 525 3259 habens
541 3211 784 3276 quoquoversus
799 3193 902 3259 latera
916 3193 1045 3276 singula
1055 3192 1176 3276 pedum
1186 3191 1267 3258 XXI

114 3303 145 3363 et
159 3296 394 3365 transversaria
408 3294 463 3360 IV.
493 3291 584 3360 Haec
598 3300 706 3360 autem
722 3295 945 3362 contineantur
959 3294 1001 3361 ab
1015 3295 1127 3363 alteris
1143 3294 1268 3364 duobus

114 3398 243 3480 lerassis
265 3399 327 3482 fs,
360 3398 435 3464 latis
459 3413 521 3476 ;÷.
565 3395 694 3463 Distsnt
715 3401 824 3462 autem
852 3397 1085 3464 transversaria
1116 3397 1199 3464 inter
1232 3413 1327 3465 seviu-
1340 3426 1362 3468 ρ.
1376 3413 1422 3460 vro.

114 3503 240 3570 circiter
262 3501 347 3586 pede
371 3505 404 3568 et
420 3519 438 3580 ς
454 3503 506 3577 (on
522 3497 623 3582 pedes
646 3497 747 3576 trost)
770 3504 1054 3582 supponanturque
1076 3499 1110 3564 in
1132 3499 1269 3582 singulis

113 3604 293 3673 intervallis
315 3623 426 3671 eorum
675 3599 875 3684 arbusculae,
899 3620 982 3684 qnae
1005 3619 1121 3684 gaece
1145 3593 1268 3683 ἆμοξό-

113 3705 216 3783 ποδες
246 3707 409 3789 dicuntur,
439 3705 473 3770 in
502 3703 619 3786 quibus
648 3708 816 3769 versantur
847 3707 988 3769 rotarum
1016 3721 1097 3769 axes
1126 3703 1267 3770 conclusi

114 3809 227 3878 lamnis
261 3809 383 3876 ferreis.
427 3803 578 3892 <Eaeque
601 3803 792 3871 arbusculae
821 3805 868 3870 ita
898 3805 961 3871 sint
989 3809 1207 3888 temperatae,
1235 3809 1270 3870 ut

114 3908 255 3979 habeant
284 3909 432 3979 cardines
463 3913 495 3974 et
522 3904 681 3973 foramina
703 3924 766 3989 quo
789 3912 898 3974 vectes
921 3906 1047 3974 traiecti
1069 3907 1268 3974 versationes

114 4031 222 4080 earnm
246 4008 439 4098 expediant>
609 4004 611 4008 ’

114 4115 160 4180 uti
181 4113 274 4200 <ante
298 4121 330 4182 et
352 4120 426 4199 post
449 4113 546 4180 etad
570 4111 718 4178 dextrum
742 4128 799 4178 seu
821 4110 984 4180 sinistrum
1006 4108 1108 4192 latus>
