3270 4968
335 374 376 434 96
759 373 940 442 Engelbortuu
957 371 1065 442 Drerup

336 549 387 614 88.
409 546 629 622 τελευτῶντες
651 551 682 610 Γ
685 569 693 611 ι
715 542 977 628 τελευτήσαντες
999 551 1047 636 A.
1093 548 1143 612 88.
1167 550 1336 631 φρατρίας
1359 550 1390 609 Γ
1395 570 1402 612 :
1426 569 1493 630 φα-

335 653 431 732 τρίας
454 653 502 715 A.
547 651 598 714 88.
623 646 863 729 α’πολλνμένων
885 652 929 713 P:
952 642 1193 726 ἀπολλυμένων
1216 654 1264 714 A.
1310 651 1360 714 89.
1384 644 1493 712 ἁπάν-

335 775 402 815 των
423 757 489 816 τῶν
512 746 708 833 ἀνθρώπων
731 753 762 814 Γ
766 773 773 812 :
796 751 861 814 τῶν
878 770 940 816 om.
956 754 1005 832 A,
1028 750 1116 834 quod
1130 749 1333 835 probandum
1348 757 1407 835 est,
1423 771 1494 818 cum

335 854 494 920 Isocrates
517 847 667 928 ἅπαντες
690 873 853 937 nunquam
866 853 1003 918 arficulo
1019 873 1092 918 cum
1107 854 1206 919 verbo
1223 873 1254 936 q.
1267 872 1295 919 e.
1312 849 1495 934 ἄνθρωποι

336 956 465 1039 iungat3
494 955 534 1021 cf.
557 954 655 1020 Fuhr.
678 957 711 1021 in
739 975 820 1022 mus.
843 954 946 1021 Rhen.
975 956 1039 1021 vol.
1062 957 1219 1038 XXXIII,
1248 976 1280 1039 p.
1310 957 1382 1022 330.
1428 954 1493 1022 Sed

336 1061 496 1145 exemplis
524 1081 545 1126 a
573 1058 695 1124 Fuhri0
728 1059 836 1125 allatis
869 1057 1038 1125 addendus
1073 1065 1122 1126 est
1153 1059 1244 1125 locus
1279 1065 1358 1124 orat.
1382 1060 1448 1125 XX
1465 1066 1492 1124 1.

336 1164 388 1228 89.
425 1161 486 1238 τὰς
522 1159 724 1242 τυραννίδας
761 1167 792 1226 Γ
796 1183 803 1224 :
847 1159 908 1238 τὰς
942 1181 1004 1228 om.
1038 1169 1086 1228 A.
1130 1161 1182 1226 89.
1218 1160 1417 1226 δυναστείαν
1442 1166 1493 1228 .Γ;

338 1262 535 1340 δυναστείας
563 1270 611 1329 A.
657 1266 708 1330 89.
739 1263 936 1342 διδομέναις
966 1269 997 1328 Γ
1001 1287 1009 1330 :
1045 1263 1241 1342 διδομέναις
1271 1263 1417 1347 δωρεαῖς
1446 1271 1492 1330 A.

337 1368 388 1430 90.
411 1363 481 1445 ἕξιν
497 1372 539 1432 s:
562 1366 719 1448 ἐξουσίαν
740 1375 789 1432 Λ.
834 1369 886 1433 90.
910 1363 984 1430 οὐτ’
1009 1357 1094 1450 ἀνὴρ
1110 1371 1151 1432 F:
1176 1357 1290 1443 οὐδεὶς
1306 1364 1382 1432 οὐτε
1407 1363 1489 1452 ἀνὴρ

336 1471 384 1533 A.
435 1471 487 1534 90.
520 1468 742 1545 ενειτοδειαις
775 1471 855 1553 Pap.
889 1490 936 1553 pr.
971 1466 1215 1542 ενσειτοδειαις
1248 1489 1328 1536 corr.
1347 1467 1493 1533 ·2=3v

337 1568 506 1647 σιτοδίαις
527 1576 559 1636 Γ
577 1593 635 1657 pr„
658 1569 694 1636 έν
717 1571 905 1647 σιτοδείαις
927 1591 1007 1637 corr.
1034 1569 1081 1637 Ib:
1110 1569 1145 1636 έν
1168 1591 1230 1638 om.
1253 1579 1302 1636 A.
1347 1575 1399 1637 90.
1422 1583 1495 1646 ταῖς

336 1663 446 1735 αὐτῶν
470 1678 501 1736 Γ
505 1697 513 1739 :
542 1686 617 1750 ταῖς
639 1673 765 1740 ἑαυτῶν
787 1681 835 1740 A.
880 1678 930 1740 90.
956 1671 1176 1756 ἐπεθύμησαν
1199 1679 1230 1737 Γ
1233 1697 1241 1740 :
1270 1671 1494 1758 ἐπεχείρησαν

335 1781 384 1840 A.
429 1780 480 1842 90.
502 1775 779 1854 τούςτοιούτους
801 1780 833 1840 Γ
849 1797 909 1860 pr.²
931 1772 1010 1851 τοὺς
1025 1775 1194 1852 τοιούτοις
1210 1777 1495 1860 eorr.2=Pap.:

336 1876 416 1954 τούς
448 1890 522 1954 τοῖς
554 1877 724 1955 τοιούτοις
758 1884 805 1944 Λ.
851 1881 902 1945 93.
925 1883 1110 1942 παθοῦσαν
1139 1884 1170 1942 Γ
1175 1902 1182 1943 :
1217 1877 1415 1958 πάσχουσαν
1445 1886 1494 1943 Λ.

336 1985 388 2047 93.
412 1980 587 2064 φροντίζει
610 1987 641 2045 Γ
644 2005 652 2047 ι
675 1980 853 2066 φροντίζοι
875 1987 922 2046 Λ.
967 1982 1018 2045 93.
1042 1975 1142 2059 μόνον
1165 2001 1227 2047 om.
1243 1981 1323 2065 Pap.
1338 2001 1398 2066 pr„
1422 2001 1448 2048 s.
1463 2003 1495 2046 v.

336 2083 412 2150 add.
437 2087 457 2147 2
473 2111 515 2136 =
530 2089 561 2148 Γ
564 2108 572 2150 :
594 2081 699 2162 μόνον
723 2089 771 2147 Λ.
816 2085 868 2148 93.
891 2079 923 2148 εἰ
947 2081 983 2147 δλ
1004 2081 1285 2162 λακεδαιμόνιοι.
1303 2080 1494 2165 ..δύναμιν

337 2186 533 2268 παρέλαβον
568 2191 600 2250 Γ
603 2209 611 2252 :
645 2184 679 2250 οἱ
710 2186 746 2250 δὲ
776 2182 1263 2264 λακεδαιμόνιοι...δύναμιν
1298 2186 1493 2268 παρέλαβον

336 2295 376 2352 Λ
397 2309 456 2374 pr„
480 2285 512 2353 εἰ
533 2296 608 2374 post
629 2287 770 2368 δύναμιν
793 2308 818 2354 s.
841 2309 872 2353 v.
895 2287 972 2353 add.
995 2291 1025 2352 4.
1069 2290 1120 2352 93.
1142 2286 1203 2373 τὴν
1226 2285 1289 2370 γὰρ
1312 2291 1344 2352 Γ
1348 2311 1356 2354 2
1379 2286 1440 2371 τὴν
1458 2287 1494 2354 δὲ

336 2398 384 2457 Λ.
429 2396 481 2458 93.
506 2386 545 2474 ἣν
569 2389 604 2462 έν
628 2395 659 2456 Γ
662 2414 669 2456 :
694 2388 729 2456 έν
753 2411 815 2457 om.
838 2397 886 2455 A.
931 2393 983 2456 96.
1006 2387 1173 2473 ἐποίησαν
1189 2389 1324 2473 .Ραρ.Γ
1341 2410 1399 2476 μα,
1424 2389 1496 2456 ἐνε-

336 2498 485 2578 ποίησαν
508 2515 589 2560 oorr.
613 2497 648 2559 2:
672 2491 878 2578 ἐποιήσαντο
901 2499 949 2557 A.
994 2494 1045 2558 96.
1069 2490 1202 2572 ἕξουσιν
1224 2497 1266 2558 P:
1290 2491 1423 2573 ἔχουσιν
1446 2500 1495 2558 Λ.

336 2600 387 2662 97.
411 2601 476 2659 τῶν
499 2594 682 2678 εὐεργετῶν
709 2591 899 2676 ἀπέσχοντο
928 2599 993 2658 τῶν
1021 2601 1198 2680 σφετέρων
1227 2590 1335 2660 αὐτῶν
1358 2598 1390 2657 Γ
1393 2618 1401 2659 :
1430 2600 1496 2658 τῶν

337 2703 512 2782 σφετέρων
535 2693 643 2762 αὐτῶν
668 2694 919 2778 ἀπέσχοντοΛ.
965 2700 1016 2763 97.
1032 2697 1289 2777 πεντακισχίλια
1305 2701 1336 2760 Γ
1339 2720 1347 2761 :
1370 2720 1497 2762 πεντα-

337 2797 438 2865 κόσια
460 2807 510 2866 Λ.
554 2805 606 2868 97.
628 2805 676 2885 τῷ
699 2807 845 2884 ναυτικῷ
874 2797 1225 2882 σογκινδυνευσάντων
1248 2805 1290 2864 F:
1321 2797 1494 2881 συγκινδυ-

336 2901 526 2967 νευσσὶντων
562 2908 609 2986 τῷ
641 2904 787 2987 ναυτικῷ
809 2909 857 2966 Λ.
901 2905 953 2969 98.
982 2900 1144 2986 ἐ’φθασαν
1177 2903 1209 2964 Γ
1213 2925 1220 2966 :
1258 2899 1421 2987 ἔφθησαν
1447 2907 1496 2966 Λ.

337 3005 388 3069 98.
403 3003 491 3082 τούς
514 3005 574 3085 μὲν
598 3003 754 3085 πρώτους
779 3009 807 3068 Γ
812 3027 819 3065 :
843 3002 922 3079 τούς
944 3001 1100 3089 πρώτους
1122 3002 1184 3085 μέν
1206 3009 1254 3068 Λ.
1299 3007 1351 3072 98.
1374 3027 1497 3069 νεωτε-
1611 3037 1612 3063 ;

337 3129 404 3189 ρων
428 3107 508 3191 Pap.
530 3128 589 3192 pr..
613 3130 761 3191 νεωριων
784 3127 864 3174 corr.
888 3111 965 3171 2Ξ
981 3112 1012 3171 Γ
1015 3130 1023 3172 :
1046 3109 1213 3187 νεωρείων
1230 3111 1279 3169 Λ.
1324 3109 1375 3172 99.
1400 3105 1458 3193 έξή
1481 3141 1498 3150 -

336 3211 459 3289 κεσείν)
491 3215 523 3273 Γ
526 3234 534 3276 :
570 3202 692 3295 ἤρκεσε
730 3216 778 3273 Λ.
828 3211 881 3274 99.
910 3206 1093 3291 τυράννους
1130 3211 1161 3272 Γ
1164 3231 1171 3272 :
1208 3208 1410 3290 τυραννίδας
1447 3215 1497 3272 A.

335 3315 387 3378 99.
422 3309 574 3376 στάσεων
611 3312 669 3376 καὶ
703 3313 859 3391 πολέμων
893 3315 924 3374 Γ
926 3334 934 3376 :
973 3309 1131 3388 πολέμων
1165 3310 1221 3374 καὶ
1256 3308 1410 3376 στάσεων
1447 3318 1497 3376 Λ.

337 3416 409 3478 100.
432 3415 642 3496 γεγενῆσθαι
664 3419 695 3479 Γ
700 3438 708 3480 :
731 3418 897 3496 γενέσθαι
918 3418 966 3477 A.
1011 3415 1082 3478 101.
1106 3410 1192 3474 πολύ
1219 3406 1259 3475 ἄν
1275 3435 1327 3488 τις
1342 3418 1373 3476 Γ
1377 3436 1384 3478 :
1408 3411 1497 3477 πολὺ

336 3510 377 3576 ὐίν
399 3537 451 3589 τις
474 3519 549 3592 πῶς
572 3512 631 3579 οὐκ
662 3513 702 3579 ὐέν
725 3541 777 3592 τις
806 3523 845 3580 Λ
867 3516 963 3594 (niel).
1010 3519 1081 3580 101.
1104 3510 1252 3578 ἐκτῶντο
1275 3519 1306 3579 Γ
1309 3537 1318 3581 :
1347 3513 1498 3580 ὐκτῶντό

336 3639 373 3679 τε
402 3622 451 3682 Λ.
498 3621 568 3684 102.
591 3614 650 3705 την
682 3616 766 3682 κατὰ
795 3620 856 3702 γῆν
883 3613 1062 3701 ἡγεμονίαν
1094 3616 1150 3679 καλ
1178 3614 1237 3701 τὴν
1267 3612 1424 3696 εὐταξίαν
1453 3621 1485 3680 Γ
1489 3641 1498 3682 :
1610 3635 1611 3662 ³

336 3717 396 3801 την
416 3718 505 3783 Ικατύι
526 3718 587 3803 τὴν
610 3716 792 3804 ἡγεμονίαν
815 3725 876 3805 γῆν
899 3711 1052 3797 εὐταξίαν
1072 3725 1119 3782 Λ.
1168 3723 1238 3785 102.
1263 3716 1438 3800 δυνάμεως
1454 3724 1485 3782 Γ
1489 3744 1498 3784 :

336 3816 441 3904 ἀρχῆς
455 3827 504 3886 Λ.
545 3825 615 3888 102.
638 3820 859 3906 ἐγγενομένην
874 3827 906 3886 Γ
909 3846 917 3888 :
939 3820 1161 3906 γεγενημένην
1175 3827 1224 3885 Λ.
1263 3825 1334 3886 102.
1350 3817 1500 3885 ἄπεστι·

337 3917 495 4007 ρήθησαν
518 3929 549 3987 Γ
552 3948 560 3990 :
583 3921 821 4010 ἐστερήθησαν
837 3931 886 3988 A.
932 3925 1003 3989 103.
1026 3916 1257 4004 ὑπολαβόντες
1279 3928 1310 3986 Γ
1313 3946 1321 3988 :
1344 3917 1499 4003 ὑπολαμ-

335 4020 498 4103 βάνοντες
512 4033 560 4090 Λ.
600 4028 671 4092 103.
686 4024 758 4090 ’ίδοι
773 4049 826 4103 τις
841 4021 882 4090 ἂν
898 4030 929 4090 Γ
932 4049 939 4091 :
961 4025 1033 4089 ’ίδοι
1048 4021 1088 4089 ἄν
1104 4048 1156 4100 τις
1167 4031 1215 4088 Λ.
1256 4027 1326 4090 104.
1342 4022 1421 4100 τούς
1438 4073 1446 4088 .
1463 4073 1471 4089 .
1491 4072 1500 4088 .

338 4123 615 4209 διεφθαρμένους
648 4132 690 4193 F:
727 4139 800 4205 τοῖς
911 4127 1182 4212 διεφθαρμένοις
1219 4133 1266 4193 Λ.
1314 4130 1385 4193 104.
1422 4137 1500 4204 τοῖς
