3198 4974
253 381 295 436 De
312 381 434 438 fontibus
451 379 576 450 Dionysii
591 380 842 436 Halieumassenais
860 381 1032 450 quaestiones
1050 381 1149 436 variae.
1220 379 1281 439 189

125 556 257 622 Minoes
268 557 290 633 1)
307 554 418 622 doouit
432 555 594 621 nonnullis
608 554 696 620 Livii
711 555 793 621 loeis
802 556 827 631 ²)
848 554 892 619 ad
914 556 1111 639 antiquiores
1134 561 1281 624 auotores

124 659 193 724 siue
221 656 322 724 dubio
351 656 545 724 revooandis
573 656 715 738 vestigia
736 655 898 739 quaedam
920 656 1065 724 invidiae
1087 663 1143 722 aut
1165 657 1281 725 saltem

124 760 257 828 minoris
290 779 369 844 erga
396 759 561 826 Valerium
598 757 800 824 Publicolam
833 759 966 842 pietatis
999 758 1173 842 distingui,
1207 779 1280 828 oum

123 861 356 944 posterioribus
383 861 582 945 temporibus
605 879 733 942 semper
755 878 873 944 magno
896 880 968 926 oum
991 879 1102 928 amore
1125 867 1158 927 et
1179 861 1283 927 admi·

123 963 249 1030 ratione
265 963 414 1032 videatur
429 963 611 1047 descriptus
634 981 715 1030 esse.
760 961 860 1046 Atqui
882 962 963 1030 talia
985 962 1106 1030 indiaia
1129 963 1227 1028 etiam
1250 964 1283 1029 in

123 1065 241 1132 Diouis
267 1067 451 1132 narratione
479 1063 653 1132 manifesta
681 1071 862 1131 oeruuntur.
908 1064 993 1131 Nam
1023 1085 1097 1130 oum
1126 1064 1222 1132 Livio
1252 1071 1285 1132 et

124 1166 299 1234 Plutaroho
315 1167 501 1234 auctoribus
515 1167 559 1232 M.
574 1167 725 1234 Valerius
747 1167 848 1234 frater
870 1167 924 1234 rel
947 1167 1124 1234 neeessarii
1147 1166 1283 1234 insidias

124 1269 159 1334 iu
185 1268 228 1334 M.
260 1268 430 1334 Horatium
464 1267 704 1352 machinentur,
739 1269 916 1336 seeundum
949 1268 1064 1334 Dionis
1095 1271 1285 1338 memoriam

123 1369 297 1439 Publioola
323 1371 395 1454 ipse
425 1377 458 1437 et
485 1370 594 1437 dolum
623 1371 747 1438 invenit
776 1377 808 1438 et
836 1371 955 1436 falsum
983 1371 1130 1437 nuntium
1152 1372 1196 1438 ad
1218 1373 1284 1440 Ho-

123 1473 242 1538 ratium
264 1473 395 1538 iamiam
417 1481 529 1556 postes
550 1473 664 1556 templi
686 1479 848 1540 tenentem
872 1473 968 1540 misit.
1310 1537 1313 1546 ,

211 1574 281 1640 Iam
303 1593 365 1656 age
387 1575 601 1642 ascendamus
623 1574 671 1640 ad
694 1581 880 1657 quartum
901 1574 1071 1642 fabulae
1101 1577 1284 1660 gradum,

122 1677 164 1742 in
194 1695 270 1760 quo
302 1695 349 1742 ex
379 1675 537 1744 duabus
566 1677 807 1744 veterrimis
833 1677 980 1744 formis
1003 1698 1119 1746 unam
1140 1699 1287 1746 novam

122 1784 360 1846 oontextam
397 1777 556 1846 videmus.
612 1779 740 1844 Etenim
774 1784 809 1844 nt
842 1779 931 1863 apud
965 1777 1158 1864 Dionysium
1190 1783 1285 1866 legis,

121 1881 275 1947 Valerius
302 1899 375 1948 oum
398 1879 544 1948 hostibus
566 1885 766 1964 puguaturus
787 1881 893 1948 Roma
921 1882 1033 1965 eopias
1063 1883 1191 1968 eduxit,
1221 1884 1287 1952 Ho-

122 1983 225 2049 ratius
249 1983 406 2065 templum
428 1981 575 2064 dedicat,
598 1986 634 2046 ut
651 1977 776 2044 Coastes
790 1979 859 2045 Dio
884 1991 1022 2068 enarrat,
1045 1993 1132 2054 sorte
1150 1987 1286 2054 Horatio

123 2083 244 2167 obtigit
258 2083 438 2166 dedioati03
455 2103 498 2150 ex
512 2081 604 2146 Livii
616 2102 694 2151 vero
716 2085 901 2152 narratione
922 2085 1012 2172 (118,
1029 2090 1048 2151 6
1064 2091 1147 2172 sqq.)
1171 2091 1287 2157 arubae

119 2192 211 2254 sorte
233 2185 423 2270 provinoiae
445 2184 635 2269 dispertitae
650 2191 733 2270 sunt,
750 2206 815 2270 qua
830 2187 906 2254 huie
920 2188 1084 2256 dedioatio
1100 2192 1149 2256 illi
1164 2191 1286 2258 bellum

120 2287 304 2370 gerendum
334 2287 544 2354 tribuebatur.
590 2285 662 2364 Qua
693 2288 766 2370 ipsa
787 2308 830 2353 ex
851 2309 887 2356 re
909 2291 1007 2356 aliam
1031 2293 1287 2360 immutationem

122 2391 213 2456 eius
236 2388 446 2466 narrationis,
475 2407 560 2472 quae
582 2387 671 2471 apud
693 2389 832 2456 Dionem
854 2397 919 2474 est,
943 2391 1029 2458 trahi
1051 2413 1185 2461 neeesse
1207 2406 1285 2462 erat.

121 2492 288 2566 Nimirum
326 2511 400 2558 oum
432 2491 582 2558 Valerius
616 2489 786 2558 Publioola
818 2492 936 2560 absens
969 2494 1106 2561 Horatio
1139 2497 1286 2564 fraudem

121 2596 247 2661 inferre
275 2613 339 2660 nou
369 2593 434 2658 iam
462 2598 590 2676 posset,
620 2611 672 2660 res
700 2593 845 2676 gerenda
872 2595 988 2660 saltem
1010 2597 1195 2660 necessaria
1219 2607 1289 2665 erat
1363 2671 1367 2681 ,

122 2695 337 2781 suseipienda
351 2695 463 2777 itaque
477 2695 599 2762 fautum
614 2699 673 2776 est,
689 2699 725 2760 ut
738 2694 909 2762 Publioola
924 2714 990 2763 nou
1012 2699 1077 2764 iam
1100 2697 1287 2768 inhonestas

119 2803 234 2882 partes
257 2801 380 2881 ageret.
424 2795 537 2862 Livius
563 2815 641 2862 vero
665 2797 763 2862 etiam
785 2797 928 2864 rationes
950 2799 998 2864 rei
1021 2802 1222 2885 exoogitatas
1243 2804 1288 2870 ad

120 2899 328 2968 necessarios
350 2897 417 2962 alia
438 2899 541 2964 multa
562 2899 628 2963 iam
649 2898 768 2964 frustra
790 2899 919 2968 molitos
941 2901 1075 2984 relegat.

211 3002 282 3068 Iam
304 3018 382 3066 vero
405 2999 644 3066 nominatim
666 2999 833 3067 adferre
856 3021 1071 3084 possumus
1094 3023 1197 3086 eum,
1221 3006 1289 3088 qui

120 3102 357 3188 proximam
372 3101 540 3168 fabulae
555 3102 726 3169 formam
742 3103 946 3170 exsoluit:
963 3105 1170 3173 Valerium
1194 3106 1288 3174 dieo

120 3205 353 3270 Antiatem.
390 3201 454 3282 oui
469 3205 574 3270 altera
589 3223 632 3270 ex
647 3210 748 3288 parte,
773 3223 870 3287 quam
892 3205 989 3274 modo
1012 3206 1288 3292 adumbravimus,

119 3306 309 3388 Livianam,
332 3306 437 3372 altera
451 3306 709 3389 antiquissimam
732 3307 930 3391 memoriam,
955 3328 1052 3392 quam
1074 3329 1133 3376 nos
1157 3310 1288 3393 quidem

119 3408 214 3492 apud
229 3406 427 3491 Dionysium
443 3407 592 3490 legimus,
616 3416 744 3475 seoutus
761 3415 819 3476 est
851 3409 903 3476 Ex
918 3410 1056 3476 Liviana
1078 3413 1164 3478 enirn
1178 3431 1287 3478 narra·-

120 3510 213 3576 tione
228 3507 379 3574 fiaudmn
395 3508 598 3574 Valeriorum
621 3512 759 3594 excepit,
782 3512 846 3577 nisi
868 3511 956 3595 quod
978 3513 1012 3576 in
1033 3515 1289 3580 necessariorum

60 3640 62 3642 ·
120 3609 249 3677 Valerii
279 3611 387 3676 looum
415 3631 514 3677 unum
543 3609 585 3674 M.
610 3611 775 3678 Valerium
803 3611 936 3678 datram
964 3613 1144 3698 substituit3
1178 3621 1290 3682 eontra

111 3712 370 3797 ¹proviuoiar'um
386 3712 644 3780 distributionem
660 3720 747 3780 sorte
761 3715 881 3782 saetam
896 3720 929 3780 et
943 3714 1130 3797 repudiavit
1152 3723 1184 3782 et
1206 3715 1289 3784 reiu-

120 3815 225 3898 tavit,
251 3815 344 3880 ouius
367 3815 401 3879 in
422 3816 529 3882 looum
552 3816 809 3900 antiquissimam
832 3816 1032 3899 memoriam,
1056 3814 1291 3896 aliquantulum

212 4052 239 4115 1)
257 4048 278 4103 l.
297 4046 317 4104 l.
334 4052 460 4117 p.11sq.

211 4137 239 4198 2)
259 4130 304 4188 of.
323 4132 437 4188 Munaer
455 4133 473 4187 l.
492 4135 510 4188 l.
533 4139 560 4188 tl
573 4149 614 4204 sq.
