3318 4970
677 1203 821 1282 OAPUT
842 1213 882 1280 11.

253 1365 312 1443 Ite
339 1367 481 1465 lapsana
507 1361 537 1439 I
536 1423 542 1437 .
570 1363 762 1451 nazaraea
788 1368 825 1442 in
851 1365 968 1444 Italia
995 1373 1032 1444 at
1052 1371 1088 1444 io
1115 1365 1299 1470 Hispania

687 1490 863 1563 versante.
980 1515 985 1524 ·

208 1699 235 1760 1.
267 1691 371 1772 Quas
394 1711 458 1758 res
480 1691 590 1774 legio
612 1691 729 1756 anuis
752 1693 803 1755 68.
827 1699 865 1759 et
887 1695 937 1758 69.
961 1693 999 1758 iu
1022 1692 1147 1758 Italia
1170 1693 1355 1776 gesserit.

290 1843 465 1928 Legionem
488 1844 585 1910 etiam
607 1850 681 1927 post
702 1850 836 1911 mortem
859 1845 997 1912 Neronis
1020 1846 1142 1913 Romae
1164 1847 1356 1915 remansisse

205 1950 335 2033 saepius
351 1945 705 2021 commemoravimus.¹)
742 1938 915 2014 Praeterea
936 1947 1036 2014 tribus
1052 1949 1116 2016 illis
1132 1948 1356 2033 diplomatistt,

207 2070 290 2136 quae
326 2049 417 2115 initio
446 2049 620 2128 attulimus,
649 2047 786 2115 Galbam
808 2069 837 2116 a.
861 2049 892 2116 d.
915 2049 972 2115 XI.
996 2050 1069 2116 Kal.
1091 2041 1157 2117 Ian.
1188 2057 1357 2118 ueteranos

206 2153 342 2237 legionis
357 2151 520 2218 dimisisse
536 2151 758 2234 comperimus,
781 2172 916 2236 quorum
931 2159 1068 2236 quantus
1083 2173 1233 2220 numerus
1251 2153 1356 2238 fuerit,

206 2276 248 2323 ex
263 2255 422 2322 sententia
437 2253 622 2338 diplomatis
644 2272 707 2319 nou
730 2259 874 2337 apparet
911 2254 1018 2338 Atque
1042 2263 1077 2322 ut
1099 2255 1181 2322 hane
1197 2255 1357 2339 quaestio·

206 2378 280 2425 nem
309 2356 534 2440 diiudioemus,
564 2353 677 2421 horum
708 2355 919 2438 diplomatum
947 2356 1048 2423 uerba
1077 2377 1299 2440 comparemus
1328 2359 1357 2424 si

206 2461 313 2543 plaoet
346 2478 418 2525 oum
450 2457 658 2541 diplomate³l
690 2476 712 2522 a
741 2457 941 2541 Vespasiano
971 2459 1054 2526 Non.
1085 2459 1176 2524 Mart.
1205 2461 1280 2526 anni
1304 2458 1357 2525 70.

206 2562 366 2629 veteranis
399 2559 537 2642 legionis
566 2559 607 2624 ll.
630 2558 806 2625 Adiutricis
839 2554 925 2640 dato,
959 2561 1049 2626 euius
1083 2579 1165 2643 quae
1198 2559 1241 2626 ad
1275 2560 1358 2629 hane

207 2665 429 2748 quaestionem
451 2667 597 2745 spectant
619 2660 719 2727 verba
741 2668 815 2727 sunt
838 2660 932 2728 haee:

288 2760 382 2850 ‘Imp
405 2763 622 2847 Vespasianus
646 2807 780 2828 .....
804 2763 975 2846 veteranis,
1006 2765 1061 2846 qui
1084 2765 1302 2830 militaverunt
1324 2767 1357 2830 iu

207 2869 333 2951 legione
350 2867 390 2932 11.
407 2865 574 2932 Adiutrice
590 2887 620 2950 p.
637 2865 669 2948 f,
686 2867 741 2949 qui
758 2867 902 2932 vieena
923 2865 1133 2948 stipendia
1154 2875 1223 2932 aut
1243 2868 1359 2951 plura

206 2975 387 3038 meruerant
415 2975 447 3034 et
476 2974 548 3034 sunt
570 2967 695 3034 dimissi
719 2964 853 3034 honesta
878 2969 1040 3050 missione,
1071 2988 1205 3052 quorum
1228 2970 1359 3037 nomina

206 3072 387 3154 subseripta
409 3075 491 3151 eunt,
515 3069 593 3154 ipsis
615 3069 725 3136 liberis
741 3069 941 3153 posterisque
957 3089 1067 3136 eorum
1083 3071 1245 3136 civitatem
1268 3069 1359 3136 dedit

207 3181 240 3242 et
261 3169 442 3241 oouubium'
468 3177 501 3238 et
522 3191 552 3254 q.
576 3192 600 3238 s.

292 3275 387 3354 Quod
410 3295 482 3342 oum
506 3273 564 3340 has
586 3271 666 3340 duas
689 3273 834 3357 legiones
848 3273 1031 3342 Adiutrloes
1048 3295 1089 3340 ex
1105 3271 1218 3340 eadem
1234 3275 1358 3357 origine

207 3380 231 3444 i.
255 3399 282 3446 e.
306 3398 325 3445 e
347 3379 452 3445 olasse
480 3381 564 3443 ortas
593 3394 664 3442 esse
687 3376 795 3460 itaque
818 3395 927 3442 earum
950 3376 1070 3443 milites
1093 3377 1125 3440 in
1148 3375 1262 3442 eadem
1285 3395 1358 3443 eon·

207 3482 336 3548 dioione
358 3475 458 3546 ¹fuisse
481 3469 648 3559 constet,
677 3477 815 3544 Galbam
845 3477 1000 3544 adversus
1030 3483 1199 3544 ueteranos
1221 3478 1358 3562 legionis

206 3585 232 3650 Ι.
245 3583 420 3650 Adiutricis
436 3582 512 3646 item
523 3599 558 3646 se
573 3579 722 3664 gessisse,
738 3587 773 3644 ut
784 3579 1017 3662 Vespasianum
1029 3578 1184 3646 adversus
1199 3579 1360 3663 legionem

206 3686 248 3752 II.
265 3685 475 3766 Adiutrioem,
499 3680 689 3750 ooueludere
711 3681 796 3748 lieet.
833 3680 931 3748 (iuius
946 3682 1083 3764 legionis
1099 3681 1358 3766 quandoquidem

206 3821 409 3831 ...-..-----

296 3890 320 3951 1)
338 3883 373 3938 cf.
392 3881 462 3938 Tae.
484 3883 547 3937 hist.
566 3883 578 3936 l
597 3885 613 3936 6
630 3881 700 3950 (vide
719 3895 803 3950 supra
819 3897 846 3950 p.
864 3886 878 3934 'l
897 3887 975 3950 squ).

294 3973 320 4036 2)
337 3984 361 4023 u.
381 3981 466 4037 supra
483 3983 511 4036 p.
530 3969 546 4019 6
562 3969 591 4020 et
607 3965 671 4020 ibid.
690 3965 753 4020 adn.
772 3968 795 4017 2.

294 4057 320 4121 3)
338 4053 373 4108 ol.
392 4051 426 4108 D.
445 4051 493 4108 Vl.
510 4049 580 4118 (CIL
598 4049 647 4106 111.
666 4067 693 4118 p.
712 4053 781 4117 849).

292 4144 319 4207 4)
335 4155 360 4194 u.
379 4151 463 4207 supra
479 4153 506 4207 p.
528 4139 558 4191 le
577 4141 605 4190 et
622 4139 664 4190 21.
