3198 4974
619 1241 641 1296 t*
661 1238 761 1296 itti*
786 1235 838 1298 ll'.

188 1396 454 1502 Comparantur
480 1403 577 1478 ubter
601 1425 643 1478 sc
668 1389 865 1478 Plutarchi
886 1394 1026 1478 Valerii
1049 1399 1222 1480 Publicol
1264 1415 1267 1422 ’

278 1523 352 1596 ocia
378 1529 416 1596 ct
440 1516 615 1622 arnapa·
633 1514 722 1596 Hal.
747 1525 818 1596 aot.
841 1517 948 1596 Rom.
981 1517 1170 1597 V1-oa

227 1689 322 1758 Nunc
344 1693 474 1758 tandem
495 1693 683 1777 aliquando,
707 1710 780 1759 cum
794 1692 1038 1758 fundamentum
1058 1693 1239 1777 iecerimus,
1263 1695 1308 1761 ad

141 1793 246 1876 ipsam
269 1803 340 1858 reus
353 1797 476 1860 reversi
492 1795 671 1877 videamus,
696 1795 774 1877 quid
790 1795 867 1860 novi
890 1793 1038 1876 firmique
1061 1795 1094 1858 in
1112 1793 1169 1860 illo
1185 1798 1307 1862 crstini

139 1895 252 1977 possit.
290 1893 492 1961 Praemobeo
507 1903 625 1970 autem,
642 1916 682 1961 ne
699 1897 776 1978 quid
792 1897 903 1978 magni
919 1901 1105 1978 exspectes,
1129 1901 1204 1962 sunt
1220 1897 1306 1965 enim

140 1997 223 2060 tales
250 1993 387 2061 fontium
416 1997 659 2080 disquisitiones
689 1996 892 2078 eiusmodi,
921 2003 955 2062 ut
984 1997 1110 2080 magnis
1140 1999 1310 2068 laboribus

139 2113 243 2180 parva
257 2099 398 2164 assecuti
414 2117 513 2180 saepe
528 2099 774 2181 acquiescamus
796 2117 930 2165 necesse
946 2100 997 2164 sit.
1036 2098 1132 2176 Quod
1147 2119 1225 2168 vero
1244 2101 1306 2170 bac

140 2201 271 2281 quidem
294 2199 521 2266 dissertatione
545 2217 611 2265 rem
636 2217 700 2264 non
723 2207 823 2265 totam
844 2201 1032 2280 absolvam,
1056 2201 1115 2268 sed
1137 2220 1213 2285 pars
1235 2201 1304 2269 iun·

140 2301 285 2367 dementi
307 2303 394 2385 quod
410 2302 484 2382 ieci,
507 2320 606 2384 opere
622 2302 774 2382 imposito
790 2301 923 2383 carebit,
946 2301 980 2366 id
996 2317 1118 2385 quaeso
1140 2305 1305 2390 ignoscas,

138 2403 208 2468 alio·
226 2411 382 2488 tempore,
406 2402 494 2486 quod
516 2422 601 2467 nunc
624 2401 727 2483 deest,
751 2411 803 2467 me
825 2403 956 2467 adicere
978 2423 1075 2486 posse
1098 2423 1203 2488 spero.

225 2505 359 2572 Constat
380 2504 489 2586 igitur,
519 2509 554 2567 ut
575 2501 684 2568 adbuc
705 2503 870 2586 disputata
891 2511 1086 2588 repetamus,
1110 2507 1305 2590 Dionysii

138 2618 215 2674 ant.
239 2609 345 2673 Rom.
368 2607 390 2670 l.
413 2605 600 2670 vsa—77
631 2605 814 2686 capitum
841 2613 1052 2672 auctorem
1079 2609 1147 2674 vel
1176 2611 1303 2676 solum

138 2711 205 2776 vel
220 2709 498 2794 principalem
514 2707 646 2773 luisse
661 2705 865 2771 bicinium
883 2707 1073 2792 Macrnm3
1089 2709 1303 2778 Plutarchi

138 2811 265 2878 vitam
294 2809 452 2875 Valerii
485 2807 733 2874 Publicolae
764 2810 909 2891 paucis
942 2809 1112 2876 aliunde
1145 2811 1306 2881 additis

137 2915 217 2989 (vel
246 2911 495 2986 substitutis)
525 2913 649 2975 totam
683 2912 925 2993 ceteroquin
955 2929 1003 2976 ex
1034 2911 1195 2979 Valerii
1224 2917 1301 2980 An-

136 3017 257 3083 tiatis
282 3014 463 3080 fluxisse
485 3011 721 3094 annalibus;
750 3013 784 3077 in
806 3012 1023 3078 Plutarchi
1042 3007 1298 3083 ‘Coriolano'

137 3116 318 3184 Antiatis
341 3121 379 3181 et
400 3113 594 3198 Dionysii
616 3116 877 3180 narrationes
904 3115 1005 3182 miro
1027 3115 1139 3182 modo
1163 3123 1301 3184 conta·

136 3221 312 3287 minutas
335 3231 435 3284 esse.
856 3283 858 3287 a

222 3322 274 3387 lix
296 3321 413 3404 quibus
436 3337 509 3384 cum
531 3335 646 3400 unum,
669 3317 795 3384 scilicet
817 3316 905 3399 quod
928 3318 1025 3384 docui
1048 3319 1213 3386 Valerium
1235 3321 1300 3386 An·

135 3425 248 3490 tiatem
277 3422 310 3486 in
333 3419 499 3487 Plutarchi
523 3420 688 3486 Coriolani
716 3420 786 3484 rita
814 3421 967 3500 cognosci
989 3440 1101 3504 posse,
1132 3423 1229 3506 plane
1258 3424 1302 3490 sit

135 3541 266 3606 novum,
290 3541 333 3588 cx
354 3523 488 3605 reliquis
511 3523 576 3587 iam
596 3521 717 3586 dudum
733 3521 813 3586 viris
836 3522 942 3587 doctis
963 3521 1006 3587 ad
1028 3523 1134 3590 fontes
1149 3525 1300 3608 Dionysii

135 3623 434 3692 Halicarnassensis
456 3623 684 3706 antiquitatum
708 3623 925 3689 enucleandos
953 3625 1099 3690 maxime
1116 3625 1302 3692 adhibitum

135 3735 186 3794 est
205 3726 303 3808 illud,
326 3724 414 3808 quod
437 3723 547 3790 medio
569 3726 641 3792 loco
664 3726 772 3807 posui:
794 3724 960 3791 Plutarchi
982 3727 1083 3791 vitam
1100 3727 1222 3794 Valerii
1237 3727 1300 3794 Pu-

135 3829 277 3921 blicolae
300 3846 342 3892 ex
357 3826 480 3892 Valerii
494 3827 635 3892 Antiatis
651 3827 822 3892 annalibus
838 3828 1138 3911 essedesumptam.
1177 3831 1299 3896 Tamen

135 3949 178 3996 ne
201 3947 262 4012 ego
286 3927 418 4011 quidem
440 3929 532 4012 potui
553 3929 681 4009 facere,
702 3928 779 4010 quin
801 3929 917 3994 iterum
939 3946 1008 3994 rem
1030 3935 1236 3998 retractatam
1260 3948 1300 3999 aa

135 4033 339 4116 potissimum
368 4046 403 4096 re
433 4030 609 4114 adductus,
639 4046 744 4112 paene
766 4029 835 4094 dixi
858 4037 1003 4114 coactus,
1034 4033 1120 4116 quod
1149 4033 1213 4100 duo
1237 4035 1298 4100 viri

136 4133 316 4200 doctissimi
340 4139 373 4198 et
386 4133 598 4216 sagacissimi,
621 4137 792 4214 postquam
808 4132 931 4215 primus
946 4133 1165 4217 Kiesslingius
1187 4135 1250 4202 hac
1265 4137 1298 4202 in
