3270 4968
305 365 345 424 24
731 361 911 432 Engelbertus
929 361 1036 431 Drerup

391 537 435 604 IV
458 539 508 602 73.
531 540 630 600 τοῦτο
661 534 717 600 καί
745 533 871 615 μᾶλλον
894 536 942 598 Aa
963 554 1026 618 pn:
1057 539 1156 598 τοῦτο
1185 533 1311 614 μᾶλλον
1340 534 1374 600 in
1396 553 1461 600 ras.

306 659 386 706 eurr.
418 641 447 704 2.
500 640 549 703 77.
584 630 670 720 ὖπὲρ
704 638 763 724 τῆς
797 636 930 713 πόλεως
958 631 1195 719 ἀποθνήσκειν
1228 635 1277 700 Λα
1308 655 1371 719 pu:
1400 640 1462 717 τῆς

306 737 413 805 αὐτῶν
429 740 463 806 In
477 760 540 823 mg.
557 737 632 805 add.
649 741 678 803 θ.
724 739 774 806 78.
789 736 869 816 τοὺς
884 734 1009 818 νόμους
1023 738 1072 802 Δ(ι
1086 757 1149 822 pn:
1172 736 1233 818 μὲν
1250 757 1274 804 ε.
1290 757 1321 802 v.
1337 735 1411 803 add.
1429 739 1461 802 2.

392 841 472 908 XIII
495 845 524 908 6.
549 837 738 922 συμβόλαια
760 844 793 904 Δ
811 861 875 927 pn:
899 836 1050 922 σύμβολα
1073 860 1152 907 corr.
1176 843 1205 905 2.

393 943 542 1010 (totorum
565 942 707 1008 dubitari
729 943 850 1026 nequit,
874 942 951 1025 quin
965 941 1101 1007 alterum
1117 942 1349 1008 Isocratearum
1363 942 1460 1009 orati·

307 1065 402 1113 onum
433 1043 580 1111 codicem
613 1042 806 1127 adhibuerit,
840 1062 937 1128 quem
970 1064 991 1109 a
1023 1043 1175 1125 vulgatae
1208 1049 1300 1127 parte
1333 1044 1461 1111 stetisse

305 1147 467 1216 nonnullis
490 1165 532 1212 ex
554 1164 672 1229 magno
694 1146 869 1212 leotionum
890 1164 1024 1211 numero
1047 1145 1238 1228 comprobo:

392 1247 439 1314 IV
462 1251 512 1313 55.
536 1245 598 1330 τὴν
615 1245 652 1313 δὲ
668 1245 768 1312 πόλιν
784 1248 835 1310 Δλι
849 1267 912 1331 pn:
935 1244 995 1329 τὴν
1019 1243 1052 1309 d'
1069 1241 1233 1332 ἡμετέραν
1256 1245 1356 1311 πόλιν
1379 1267 1460 1315 corr·

305 1354 325 1418 2
341 1380 383 1402 =
401 1349 518 1416 ΘαΛα.
542 1353 593 1414 57.
610 1342 679 1430 εἶχε
691 1351 723 1412 Δ
734 1369 798 1433 pn:
816 1345 985 1430 κείμενονι
1001 1344 1059 1412 καὶ
1071 1353 1128 1413 νῦν
1141 1344 1204 1412 οὐκ
1216 1339 1344 1430 ἇδίκαςς
1356 1345 1461 1432 ἀμφι-

306 1457 425 1540 σβητεῖ
446 1457 507 1537 τῆς
530 1445 711 1536 ἡγεμονίας
733 1452 766 1518 in
781 1473 846 1536 mg.
861 1449 937 1518 add.
954 1453 973 1514 2
989 1477 1031 1501 =
1049 1453 1128 1528 ΘΛ,
1152 1451 1207 1533 qui
1230 1455 1338 1517 tamen
1361 1450 1461 1532 περὶ

304 1561 365 1641 τῆς
388 1552 570 1638 ἡγεμονίας
593 1552 756 1620 exhibent.
795 1558 846 1619 60.
869 1551 930 1633 μὲν
948 1549 1094 1635 γεγονὼς
1108 1556 1216 1636 Apa:
1239 1551 1300 1632 μὲν
1315 1549 1462 1635 γεγονὼς

307 1641 346 1740 ἦν
381 1677 461 1724 corr.
496 1655 781 1721 2=eAe⁰‘A⁰‘.
826 1657 877 1720 66.
902 1649 1069 1737 πρότερον
1103 1651 1314 1737 πειράσομαι
1349 1659 1380 1718 Δ
1410 1674 1460 1738 pr.

307 1763 360 1838 (=
379 1759 456 1832 Θαίς
489 1753 656 1839 πρότερον
692 1755 837 1839 διῆλθον
871 1750 1082 1838 πειράσομαι
1116 1776 1195 1823 corr.
1225 1758 1300 1817 2=
1320 1753 1461 1820 ΘΛΛα.

305 1862 356 1925 70.
379 1862 541 1922 τοσοῦτον
556 1861 589 1921 Δ
606 1879 670 1943 pn:
695 1856 751 1922 διὰ
766 1855 828 1944 τὴν
850 1854 927 1922 τότε
950 1861 1129 1940 στρατείαν
1152 1858 1185 1922 In
1207 1877 1270 1941 mg.
1290 1854 1365 1921 add.
1382 1857 1401 1918 2
1418 1875 1462 1921 ex

308 1963 394 2028 ΘΛι
419 1957 476 2024 oce
497 1957 557 2044 τὴν
579 1957 656 2026 τότε
679 1965 901 2044 γεγενημένην
925 1963 1114 2042 στρατείαν.
1152 1963 1203 2026 91.
1227 1952 1460 2045 ἄγωνόώντες]

304 2065 337 2127 Δ
349 2082 412 2148 pn:
436 2057 678 2142 ἀγωνιζόμενοι
693 2081 773 2128 oorr.
790 2063 809 2124 2
826 2090 865 2112 =
885 2063 963 2125 ΘΛ.
1001 2063 1052 2126 91.
1069 2063 1331 2146 προαγαγέσθαι
1349 2066 1382 2126 Δ
1393 2081 1460 2146 pn:

304 2164 589 2247 προσαγαγέσθαι
611 2183 690 2230 eorr.
714 2165 792 2226 2=
809 2165 888 2228 ΘΛ.
926 2166 977 2228 92.
1002 2162 1059 2227 καὶ
1080 2159 1395 2238 κατασκευάσαντες
1418 2159 1461 2224 τὰ

304 2265 385 2347 περὶ
407 2261 468 2347 τὴν
491 2263 591 2329 πόλιν
607 2286 669 2333 om.
686 2265 738 2328 Aa
750 2285 798 2348 pr.
812 2271 865 2339 (3-
884 2267 911 2326 Γ
911 2266 1006 2342 (9AE:
1031 2262 1064 2330 in
1079 2286 1141 2350 mg.
1155 2263 1230 2331 add.
1247 2267 1265 2326 2
1282 2293 1324 2315 ==
1342 2264 1460 2330 (iaxta.

304 2369 355 2434 99.
378 2363 439 2451 τήν
463 2360 646 2451 ἡγεμονίαν
670 2365 757 2447 ἔχειν
780 2367 829 2431 Δα
850 2385 912 2450 pn:
946 2366 1072 2445 μᾶλλον
1107 2368 1140 2432 In
1173 2387 1237 2450 mg.
1268 2365 1344 2432 add.
1375 2369 1462 2432 Iex

306 2469 428 2535 ΘαΛαι
451 2466 576 2544 μᾶλλον
599 2464 659 2552 τὴν
682 2462 863 2552 ἡγεμονίαν
888 2464 986 2548 ἐ’χειν.

389 2570 522 2636 x1112.
558 2567 706 2654 εἰληφώς
739 2573 771 2633 Δ
797 2589 861 2653 pa:
896 2565 983 2648 οχών
1013 2571 1046 2636 in
1074 2591 1137 2652 mg.
1170 2569 1245 2636 add.
1281 2573 1356 2633 2==
1378 2572 1460 2636 ΘΛ.

305 2677 334 2737 5.
361 2669 455 2754 παρὰ
478 2670 539 2750 μὲν
562 2661 606 2734 ὧν
628 2675 661 2736 Δ
680 2692 743 2756 pn:
775 2667 860 2750 πὰρ’
891 2661 938 2733 τόν
962 2691 1041 2738 oorr.
1066 2675 1141 2735 2=
1160 2675 1239 2736 ΘΛ.
1287 2677 1335 2738 10.
1366 2673 1461 2757 τηλι-

304 2775 405 2836 κοῦτο
429 2775 461 2835 Δ
481 2792 544 2857 pr.:
567 2773 763 2858 τηλικοῦτον
787 2792 866 2840 corr.
883 2775 902 2836 2
918 2801 959 2822 =
978 2775 1057 2838 ΘΛ.
1098 2776 1145 2839 13.
1160 2771 1246 2854 μετὰ
1260 2779 1321 2838 τοῦ
1336 2779 1460 2850 καινῶς

305 2871 394 2953 ἔχειν
431 2875 463 2937 Δ
497 2892 561 2956 pn:
605 2897 656 2957 γρ.
694 2871 818 2950 ἱκανῶς
854 2875 888 2940 in
925 2893 1030 2958 super.
1069 2896 1131 2958 mg.
1169 2875 1244 2942 add.
1283 2879 1459 2942 2=eA.

307 2977 355 3040 19.
394 2968 580 3054 ὑπόσχεσιν
617 2977 649 3039 Δ
683 2997 748 3060 pr:
793 2971 965 3040 ὑπόθεσιν
1003 2977 1036 3042 in
1072 2998 1136 3060 mg.
1169 2977 1243 3044 add.
1283 2980 1461 3044 2==eA.

304 3081 355 3142 21.
388 3098 525 3158 συμπαρ
542 3126 673 3143 ......
692 3082 824 3143 σασθαι
853 3079 886 3140 A
911 3097 958 3160 pr.
988 3079 1041 3157 (=
1064 3076 1462 3161 συμπαρακελεύσασθαι

304 3181 360 3257 Γ);
384 3177 788 3264 συμπαρασκευάσασθαι
810 3179 843 3244 in
866 3197 927 3246 raa.
951 3197 1031 3244 corr.
1055 3181 1131 3246 2=
1150 3183 1229 3246 ΘΛ.

390 3281 455 3348 Sed
479 3301 551 3347 oum
574 3279 624 3348 his
646 3281 838 3347 lectionibus
861 3280 1053 3366 comparatis
1077 3283 1234 3366 originem
1265 3285 1461 3350 varietatum

303 3386 336 3452 in
362 3385 546 3450 universum
574 3382 705 3465 quidem
734 3383 777 3449 ad
806 3384 971 3465 vulgatam
999 3381 1105 3449 redire
1134 3385 1375 3470 eomprobatum
1405 3387 1460 3470 sit,

224 3511 226 3515 ·
303 3484 448 3554 oodioem
472 3484 624 3551 oollatum
647 3504 689 3550 ex
712 3484 919 3550 Laurentiani
943 3485 973 3546 Θ
996 3484 1120 3550 tamilla
1142 3485 1241 3553 tuisse
1264 3486 1461 3553 contendere

302 3587 380 3653 lioet
402 3587 513 3670 paucis
536 3586 728 3656 lectionibus
751 3588 784 3652 in
806 3585 949 3654 medium
972 3586 1120 3670 prolatis:

388 3688 433 3752 IV
456 3691 506 3752 61.
523 3684 704 3769 γενόμενος
719 3689 752 3750 Δ
761 3706 824 3771 pn:
840 3689 1034 3770 γενομένοις
1053 3707 1132 3754 corr.
1146 3691 1164 3751 2
1177 3715 1219 3739 ==
1233 3691 1273 3754 Θ.
1305 3693 1355 3755 79.
1372 3683 1461 3754 όπό-

300 3811 396 3870 τεροι
412 3792 444 3851 Δ
464 3807 528 3871 pr.:
552 3787 631 3865 τοὺς
654 3787 790 3873 ἑτέρους
812 3791 845 3854 in
868 3809 929 3856 rat.
952 3788 1027 3854 add.
1052 3791 1129 3852 2=
1147 3793 1187 3855 Θ.
1233 3791 1283 3856 81.
1308 3787 1366 3856 ἐπὶ
1382 3801 1461 3866 ταῖς

305 3890 519 3965 δυναστείαις
542 3895 573 3952 Δ
593 3911 656 3974 pn:
681 3887 787 3954 αὐτῶν
811 3911 836 3957 s.
859 3912 889 3957 v.
914 3891 990 3956 add.
1007 3894 1026 3954 2
1042 3920 1084 3943 =
1103 3895 1142 3957 Θ.
1188 3893 1238 3957 93.
1266 3887 1461 3974 εἰσβάλλειν

303 3994 336 4056 Δ
356 4011 420 4076 ραι
451 3987 621 4073 εἰσβαλεῖν
645 4010 724 4058 corr.
749 3995 825 4054 2-=
844 3995 874 4056 Θ
896 4012 975 4059 corr.
1005 3998 1018 4056 1
1050 3992 1219 4077 (ἐμβαλεῖν
1252 3996 1282 4058 Θ
1304 4013 1352 4077 pr.
1378 3995 1461 4069 Λα).

303 4095 354 4158 96.
378 4089 466 4175 πρὸς
492 4089 654 4175 ἑκατέραν
678 4096 710 4156 Δ
729 4114 787 4178 μα,
809 4091 858 4155 Δθι
880 4113 943 4177 pn:
973 4092 1031 4177 τὴν
1062 4091 1203 4175 δύναμιν
1225 4094 1300 4162 add.
1324 4099 1356 4159 A
1376 4115 1460 4164 corr.
