3282 4968
319 390 359 450 90
729 385 872 458 Augustus
889 385 1042 442 Junemann

313 571 424 634 carent
451 570 549 648 atque
578 566 689 630 contra
717 580 807 643 eum,
837 560 889 628 cui
917 565 1047 627 senatus
1069 554 1284 645 principatum
1306 557 1479 641 detulerat,

316 665 537 735 defenderent.
589 663 773 748 Sequuntur
800 663 927 746 proelia
954 667 1067 730 contra
1095 661 1307 729 Pescennium
1337 661 1475 744 Nigrum

315 777 348 837 et
370 769 519 836 Clodium
541 767 693 833 Albinum
716 770 824 848 gesta,
848 783 984 848 quorum
1005 764 1075 830 sine
1099 763 1198 829 dubio
1225 763 1323 829 etiam
1345 764 1433 848 legio
1449 763 1476 828 Ι.

313 871 467 939 Adiutrix
496 871 658 954 particeps
683 867 753 934 fuit.
797 868 880 932 Tum
910 867 974 934 illis
1004 866 1144 934 inimicis
1172 865 1311 934 devictis
1333 865 1475 936 Severus

316 993 389 1042 eum
411 972 539 1040 Parthis
566 970 727 1055 conflixit,
756 988 837 1054 quos
866 970 949 1036 inter
977 989 1078 1036 annos
1102 971 1290 1035 tou-202.
1319 969 1405 1036 fudit
1428 979 1475 1037 at·

316 1096 380 1160 que
395 1075 530 1159 fugavit.
570 1074 632 1141 Oui
651 1074 738 1141 bello
762 1071 913 1139 Parthico
928 1070 1043 1138 Severi
1064 1071 1202 1138 tribuam
1216 1071 1344 1138 titulum
1365 1093 1397 1138 ιι.
1417 1078 1475 1139 175

317 1179 394 1246 citii
423 1179 456 1243 iu
484 1177 652 1261 provincia
673 1176 845 1260 Byzacena
872 1179 1033 1259 repertum
1061 1173 1104 1238 Μ.
1126 1173 1270 1240 Petronii
1299 1174 1475 1261 Fortunati,

315 1282 388 1366 qui,
425 1299 498 1348 cum
535 1285 620 1346 esset
655 1278 800 1345 centurio
829 1277 968 1361 legionis
1001 1277 1026 1342 L
1059 1275 1251 1360 Adiutricis,
1281 1283 1472 1346 consecutus

317 1403 389 1451 esse
411 1382 529 1449 dicitur
548 1376 604 1448 ‘ob
620 1381 770 1447 virtutem
793 1380 827 1444 in
850 1377 1092 1463 expeditionem
1114 1378 1298 1445 Parthicam
1321 1399 1473 1447 coronam

317 1485 474 1552 muralem
503 1485 649 1550 valerem
678 1488 810 1565 torques
837 1471 1007 1564 phaleras.³
1055 1480 1164 1546 Aetati
1192 1487 1300 1547 autem
1323 1480 1474 1564 Septimii

317 1587 433 1654 Severi
448 1606 521 1653 eam
538 1583 780 1670 expeditionem
794 1582 1044 1650 adscribendam
1059 1601 1130 1649 esse
1146 1583 1371 1666 comprobavit
1382 1583 1474 1649 Will-

317 1707 431 1755 manns
453 1689 488 1752 in
510 1687 718 1752 adnotatione
740 1685 784 1752 ad
806 1685 933 1752 titulum
955 1686 999 1768 (p.
1016 1686 1079 1769 39),
1104 1685 1194 1751 cuius
1210 1686 1311 1752 verba
1334 1684 1415 1751 mihi
1437 1687 1475 1751 li-

317 1797 389 1858 ceat
411 1788 567 1856 hocloco
589 1787 721 1854 aliene:
741 1781 837 1854 ‘Cum
859 1787 1208 1854 commemoratorium
1231 1787 1318 1870 legio
1333 1787 1374 1853 ll.
1398 1789 1475 1854 Par·

316 1892 406 1959 thica
426 1895 471 1969 (v.
488 1893 519 1971 8)
548 1892 659 1958 titulus
679 1910 744 1956 ιιοιι
766 1895 841 1957 aute
864 1889 1020 1956 Severum
1042 1890 1166 1972 positus
1189 1895 1253 1972 est,
1277 1896 1389 1957 contra
1410 1911 1475 1956 nou

303 1988 392 2078 ‘post
419 1993 620 2060 Caracallum
650 1993 705 2059 vel
734 1999 820 2060 certe
847 2012 912 2058 uon
940 1993 1041 2058 multo
1069 1998 1143 2075 post
1172 2011 1262 2074 eom,
1292 2011 1366 2059 cum
1388 1992 1475 2059 dona

317 2095 471 2162 militaria
492 2094 601 2162 adhuc
615 2100 797 2173 occurrant;
820 2094 895 2160 ideo
911 2092 1077 2178 expeditio
1093 2091 1245 2160 Parthica
1259 2093 1389 2160 videtur
1403 2113 1474 2162 esse

318 2197 469 2282 Septimii
491 2196 614 2264 Severi.
652 2197 798 2262 dandam
821 2202 961 2262 aetatem
984 2197 1111 2262 litterae
1140 2195 1285 2263 indicant
1312 2193 1475 2279 fragmen·

317 2309 440 2384 torum,
464 2319 548 2383 quae
563 2291 660 2365 vidi’.
703 2299 788 2382 Ergo
803 2304 839 2364 ut
854 2299 887 2363 in
903 2299 990 2366 bello
1006 2297 1157 2365 Parthico
1173 2299 1232 2366 sub
1247 2297 1356 2366 Marco
1372 2305 1474 2383 gesto,

316 2405 364 2471 sic
386 2403 420 2468 iu
441 2402 498 2468 illo
521 2402 608 2468 bello
631 2399 745 2469 Severi
767 2401 854 2484 legio
869 2401 894 2466 I.
919 2400 1070 2468 Adiutrix
1092 2421 1182 2466 arma
1203 2407 1314 2468 eontra
1336 2401 1475 2468 Parthos

316 2505 428 2582 tulitl)
451 2531 493 2550 -·—

402 2607 456 2672 lV.
491 2605 685 2672 Maximinus
708 2624 786 2671 vero
808 2603 932 2685 Dacos,
962 2603 1018 2687 qui
1046 2603 1088 2670 ad
1112 2602 1148 2669 id
1177 2610 1302 2687 tempus
1324 2605 1421 2671 liberi
1444 2606 1477 2670 iu

318 2708 562 2792 septentrionali
583 2711 676 2791 parte
691 2707 815 2774 Daciae
830 2704 1072 2790 habitaverant,
1094 2712 1266 2790 postquam
1289 2707 1322 2772 in
1343 2708 1476 2792 provin·

316 2875 433 2944 adeptus
451 2887 574 2927 nummos
593 2871 675 2926 cudit.
712 2872 754 2928 Ol.
773 2872 875 2940 Gohou,
888 2865 1043 2926 ‘Mounuies
1060 2869 1165 2940 imper?
1184 2871 1232 2928 lv.
1250 2889 1278 2927 u.
1292 2876 1343 2928 teu
1356 2888 1415 2944 sqq.
1428 2873 1475 2940 (ci.

315 2963 416 3015 mtto.
433 2957 467 3024 1.)

407 3047 431 3111 1)
448 3041 521 3096 Num
537 3042 592 3097 ium
609 3041 721 3096 Traiani
738 3043 809 3098 bello
827 3041 955 3096 Parthico
973 3040 1043 3109 legio
1061 3041 1085 3096 Ι.
1102 3040 1230 3096 Adiutrix
1246 3043 1411 3109 interfuerit,
1436 3045 1477 3098 in-

317 3131 431 3197 certum,
456 3129 504 3184 sed
521 3127 579 3182 veri
600 3129 643 3182 est
664 3126 835 3194 simillimum,
860 3141 919 3182 eam
937 3125 1017 3180 adid
1035 3142 1142 3196 quoque
1165 3127 1266 3182 bellum
1287 3129 1476 3186 ventilationes

316 3213 435 3283 misisse3
459 3227 522 3268 nam
540 3211 675 3266 Traianus
700 3211 736 3266 ad
758 3211 858 3267 bellum
878 3210 1054 3281 proficiscens
1077 3211 1209 3280 legionem
1225 3211 1415 3268 Pannonicum
1432 3219 1477 3270 to·

316 3303 375 3354 tam
393 3313 487 3354 secum
505 3295 629 3362 abduxit,
646 3295 706 3352 XV.
719 3297 913 3366 Apollinarem,
931 3311 1012 3364 quam
1030 3296 1147 3352 tortasse
1166 3301 1319 3354 ceterarum
1336 3299 1475 3368 legionum

317 3383 417 3439 vexilla
434 3386 528 3437 secuta
540 3385 614 3437 sunt.
643 3381 707 3436 Huc
724 3382 859 3450 pertinere
877 3380 1035 3436 crediderim
1053 3381 1162 3450 cippum
1179 3383 1362 3450 sepulcralem
1380 3401 1408 3439 ιι.
1425 3391 1474 3442 145

320 3467 416 3536 Cyrrhi
428 3465 565 3531 effossum,
583 3467 630 3536 qui
642 3466 771 3534 signifero
788 3465 901 3534 legionis
919 3465 1058 3520 dedicatus
1076 3471 1130 3534 est;
1148 3466 1197 3521 sed
1213 3466 1241 3521 id
1257 3483 1309 3536 pro
1321 3471 1396 3524 certo
1410 3485 1479 3525 con·

317 3552 392 3606 tendi
415 3565 471 3604 non
494 3555 597 3620 potest,
621 3565 682 3605 eum
704 3550 786 3605 lectio
808 3549 882 3604 tituli
905 3549 1052 3618 depravata
1074 3549 1198 3604 videatur
1220 3565 1290 3606 esse.
1325 3552 1359 3606 In
1382 3553 1480 3609 eadem

318 3633 460 3705 provincia
477 3634 555 3704 Syria
578 3638 685 3703 prostat
707 3633 803 3690 titulus
821 3651 848 3690 n.
865 3638 913 3689 146
932 3634 1047 3690 duorum
1064 3633 1298 3691 beneficiariorum
1323 3637 1438 3704 legionis
1455 3639 1479 3694 1.

318 3719 468 3774 Adiutricis
493 3721 522 3772 et
538 3717 643 3788 Ephesi
666 3719 762 3774 titulus
786 3735 812 3774 n.
833 3723 882 3772 144
906 3717 1077 3773 frumentarii
1093 3718 1214 3788 legionis,
1233 3720 1280 3790 qui
1297 3721 1398 3777 nullius
1417 3739 1478 3780 mo·

320 3803 405 3858 menti
422 3806 488 3856 suut
505 3802 540 3856 ad
558 3803 722 3859 definiendas
740 3804 872 3872 regiones,
889 3803 919 3858 iu
936 3803 1035 3873 quibus
1053 3803 1121 3872 legio
1140 3809 1248 3860 versata
1265 3806 1309 3860 sit.
1344 3808 1480 3866 Attamen

321 3889 446 3957 Ancyrae
466 3885 595 3955 (Galatia)
616 3891 739 3944 canturio
761 3889 874 3958 legionis
896 3889 918 3943 Ι.
942 3888 1107 3954 Adiutricis,
1136 3903 1199 3943 eum
1224 3890 1252 3944 iu
1280 3903 1313 3945 eu
1340 3892 1482 3962 stipendia

322 3977 446 4040 mereret,
473 3977 597 4028 mortuus
623 3979 650 4029 et
672 3974 795 4044 sepultus
822 3978 876 4042 est,
903 3986 988 4041 quare
1015 3972 1160 4042 aliquando
1186 3973 1225 4028 ibi
1247 3973 1319 4032 haue
1343 3977 1481 4046 legionem

320 4059 452 4112 moratam
474 4070 534 4110 esse
555 4072 665 4113 necesse
690 4065 744 4124 est,
766 4059 926 4128 praesertim
950 4073 1011 4112 cum
1033 4072 1050 4111 a
1072 4058 1176 4128 collega
1193 4060 1360 4116 centurionis
1378 4077 1480 4118 monu-

322 4144 440 4198 mentum
458 4145 599 4198 exarutum
616 4142 659 4210 sit,
677 4143 726 4198 sed
743 4143 834 4198 nescio
853 4158 907 4212 quo
924 4156 1005 4198 anno.
