3270 4968
448 397 490 452 De
510 395 633 452 codicum
650 397 854 452 Isocrateurum
871 394 1041 451 auctoritate.
1283 395 1323 454 73

166 567 358 654 ἑκατέροιν)
380 573 411 633 Γ
412 572 457 634 Θι
486 567 521 634 έν
544 589 607 635 om.
629 574 679 634 A.
723 571 775 635 75.
799 564 859 634 ἐπ’
883 563 1005 652 ἀρετὴν
1028 571 1059 632 Γ
1059 571 1104 636 Θι
1131 566 1191 636 ἐπ’
1222 566 1326 656 ἀρετὴ

169 679 218 738 Λ.
263 676 313 738 77.
339 668 531 752 δεινότερον
563 670 625 750 μὲν
655 674 686 735 Γ
685 672 730 736 Θι
767 669 829 752 μὲν
863 681 925 736 0111.
958 676 1007 750 A,
1045 671 1084 738 cf.
1118 671 1244 752 μᾶλλον
1279 663 1325 739 δ’.

171 780 222 842 77.
246 778 358 850 κακῶς
380 773 502 850 (καλῶς
526 773 577 837 Θα
598 793 658 857 pr„
681 795 700 834 κ
724 791 822 854 super
838 771 948 840 tadd.
964 776 1041 859 τεο.)
1065 777 1096 837 Γ
1096 771 1198 840 Θετὸ
1216 779 1327 851 κακῶς

171 883 219 953 Λ,
242 896 380 960 quocum
402 874 565 960 Spohuius
588 875 721 942 contulit
744 874 788 941 VI
812 879 863 958 59,
892 875 948 942 ubi
969 881 1078 942 tamen
1106 878 1260 945 articulus
1287 874 1327 940 τὸ

171 979 269 1046 etad
293 977 403 1054 καλῶς
425 975 673 1043 πολιτεύεσθαι
703 982 736 1043 et
756 976 800 1043 ad
822 981 935 1053 κακῶς
964 971 1100 1042 ἀκούειν
1122 980 1256 1061 positus:
1269 986 1328 1046 eut.

171 1086 222 1149 77.
238 1077 474 1167 ἀποθνῄσκειν
491 1083 522 1143 Γ
522 1082 568 1145 a:
596 1073 790 1142 ἀποθανεῖν
811 1085 860 1156 Λ,
885 1079 925 1147 uf.
949 1070 1095 1145 ιἰκούειν.
1141 1082 1191 1146 82.
1214 1080 1329 1145 τοιαύ-

166 1207 241 1259 ταις
263 1187 294 1248 Γ
294 1187 339 1249 Θι
367 1179 542 1258 τοιαύταις
565 1179 602 1246 δὲ
625 1185 674 1246 A.
719 1183 770 1247 82.
792 1185 978 1266 νεωτέρους
1000 1180 1036 1247 ἐν
1063 1193 1137 1258 τοῖς
1161 1179 1330 1257 τοιούτοις

168 1290 200 1350 Γ
200 1288 246 1351 Θε
269 1289 455 1366 νεωτέρους
477 1281 512 1349 ἐν
535 1285 608 1358 τοῖς
623 1288 663 1346 A
677 1303 736 1369 pn,
758 1289 944 1367 νεωτέρους
963 1282 999 1350 έν
1014 1281 1183 1360 τοιούτοις
1204 1305 1284 1352 corr.
1302 1289 1330 1350 1.

171 1391 222 1454 82.
246 1382 543 1474 ὖπερβεβληκότας
566 1388 645 1452 ru:
674 1379 953 1470 ύπερβεβηκότας
974 1393 1024 1452 A.
1069 1388 1121 1452 85.
1144 1382 1228 1451 ἀλλὰ
1250 1390 1332 1468 περὶ

170 1491 233 1570 μὲν
249 1494 281 1555 Γ
281 1493 325 1556 Θι
349 1484 418 1552 ἀλλ’
443 1485 513 1569 ἅμα
535 1489 597 1570 μὲν
620 1489 701 1570 περὶ
716 1494 757 1552 Λ
777 1487 1032 1574 (dittographia).
1077 1492 1129 1558 86.
1150 1488 1239 1554 ἰ’διον
1255 1494 1286 1554 Γ
1286 1493 1331 1556 Θι

168 1591 259 1657 ἰ’διον
294 1589 448 1656 κίνδυνον
476 1598 525 1658 Λ.
570 1595 621 1657 86.
651 1587 761 1655 αὐτῶν
790 1585 917 1671 (αὑτῶν
951 1594 993 1669 Γ)
1020 1596 1052 1656 Γ
1052 1594 1097 1658 Θι
1133 1591 1261 1658 ἑαυτῶν
1284 1597 1334 1656 A.

171 1699 223 1762 87.
245 1692 334 1780 μάχη
355 1693 437 1760 ΘαΓ
438 1695 468 1759 Θ
490 1690 611 1777 (μάχην
620 1694 713 1771 A“):
736 1693 793 1758 καλ
815 1691 903 1779 μάχη
927 1701 976 1758 Λ.
1010 1698 1072 1762 ,87.
1096 1698 1233 1780 φθῆναι
1255 1698 1285 1758 Γ
1286 1697 1332 1760 a:

170 1795 329 1883 ὀφθῆναι
357 1803 413 1880 Λ,
441 1797 493 1862 αλ
521 1796 571 1862 III
599 1799 641 1861 22
670 1792 826 1880 ὀφθῆναι
858 1802 896 1874 Γ,
931 1803 1068 1880 φθῆναι
1095 1804 1135 1861 Λ
1168 1797 1219 1874 (οἱ.
1250 1795 1337 1874 Οοτ.)

172 1905 227 1968 91.
249 1896 371 1974 αὐτούς
385 1899 475 1962 Aa?
475 1901 506 1962 Θ
528 1893 643 1984 (αὐτὴν
665 1899 733 1966 scil.
757 1897 858 1964 πόλιν
876 1900 966 1978 Θαμε
978 1895 1119 1975 ἑαυτούς
1134 1905 1182 1964 Λ.
1220 1902 1272 1966 91.
1287 1898 1332 1983 μὴ

174 2002 228 2080 urg
250 2006 282 2067 Γ
282 2004 326 2067 a:
359 1997 480 2085 μηδεὶς
509 2005 549 2064 Λ
569 2021 629 2085 pr,
658 2019 739 2067 corr.
763 2005 793 2066 5.
839 2004 889 2067 91.
908 2001 971 2066 ’καὶ
999 1999 1037 2067 τὸ
1067 1999 1236 2085 πρότερον
1258 2003 1335 2066 ΓΘι

170 2102 211 2168 τὸ
238 2123 301 2171 om.
317 2106 366 2185 A,
389 2103 429 2170 uf.
444 2123 477 2188 p.
495 2107 565 2168 114.
610 2106 662 2169 91.
686 2099 744 2167 διὰ
765 2100 866 2188 τύχην
890 2107 922 2167 Γ
921 2106 968 2168 Θι
1004 2100 1062 2168 διὰ
1083 2101 1142 2187 τὴν
1164 2101 1264 2188 τύχην
1287 2110 1336 2184 Λ,

172 2206 214 2274 uf.
235 2201 284 2270 δι’
310 2201 444 2290 ἀρετήν.
489 2209 541 2274 92.
566 2201 701 2286 ὁμοίαις
718 2209 749 2269 Γ
749 2208 795 2272 Θτ
818 2199 945 2286 ὁμοίως
967 2211 1016 2280 A,
1040 2205 1080 2272 uf.
1102 2204 1195 2283 λ’σας
1219 2205 1338 2283 δὲτὰς

172 2305 311 2388 τόλμας.
357 2310 408 2374 92.
444 2306 496 2373 λ’τι
532 2306 636 2372 πλέον
673 2309 805 2386 (πλεῖον
844 2307 906 2386 Θα)
937 2311 969 2371 Γ
969 2311 1015 2374 Θι
1053 2305 1114 2373 ἒπλ
1150 2309 1253 2374 πλέον
1281 2315 1338 2374 .Λ.

175 2415 227 2478 93.
250 2405 530 2495 ὑποφαινομένης
559 2413 590 2473 Γ
590 2412 634 2476 Θι
662 2405 936 2494 ὑπολειπομένης
958 2416 1007 2492 A,
1038 2410 1079 2478 (tf.
1101 2410 1165 2477 Du.
1188 2410 1232 2477 ad
1254 2410 1339 2479 huno

174 2513 294 2580 locum.
339 2514 390 2578 95.
414 2510 452 2576 ἐκ
474 2510 603 2586 παντὸς
628 2515 659 2576 Γ
659 2515 702 2578 Θι
730 2509 768 2591 ἐξ
790 2501 941 2588 ύπαντος
963 2520 1011 2576 Λ.
1056 2517 1107 2580 96.
1131 2509 1251 2594 ἐπειδὴ
1275 2510 1338 2594 γὰρ

175 2619 252 2682 ru:
281 2612 345 2699 γάρ
369 2635 431 2681 om.
459 2620 509 2692 A,
537 2633 601 2698 quo
631 2613 739 2682 hiatus
768 2613 914 2680 efficitur.
959 2617 1010 2680 96.
1032 2613 1094 2698 τὴν
1122 2610 1233 2678 αὐτῶν
1262 2618 1339 2682 ΓΘι

175 2717 237 2804 τὴν
253 2716 383 2784 ἑαυτῶν
398 2723 447 2782 Λ.
485 2721 537 2784 97.
552 2714 689 2780 πάντων
707 2714 780 2783 ἐστὶ
795 2721 826 2781 Γ
826 2719 871 2782 a:
893 2713 1031 2781 πάντων
1048 2715 1116 2782 alut
1130 2724 1186 2783 A.
1214 2721 1265 2786 97.
1279 2713 1338 2783 ούκ

175 2814 248 2886 οἶδ’
286 2815 340 2884 ὅτι
363 2823 393 2883 Γ
394 2821 438 2886 Θι
473 2815 534 2884 οὐκ
564 2816 619 2884 ὅτι
639 2826 687 2884 Λ.
706 2839 766 2906 pr.,
797 2810 858 2900 ούχ
881 2808 933 2882 ὅτι
965 2821 1162 2900 60111217).
1207 2823 1258 2888 983
1280 2819 1340 2904 τὴν

176 2919 279 2986 πόλιν
303 2923 378 2986 ΓΘι
406 2920 465 3007 τὴν
496 2915 662 3007 ἡμετέραν
691 2918 792 2986 πόλιν
815 2925 864 2985 Λ.
908 2925 960 2988 99.
989 2919 1097 2987 αὐτῶν
1126 2917 1248 3004 (αὑτῶν
1271 2923 1342 3002 Λα)

176 3025 253 3091 ΓΘε
276 3023 404 3091 ἑαυτῶν
426 3028 475 3087 Λ.
594 3049 611 3084 .·

265 3125 333 3194 Sed
347 3146 428 3194 aum
450 3126 484 3192 in
507 3125 558 3193 his
580 3145 644 3192 non
667 3124 774 3193 desint
794 3127 869 3209 luci,
892 3126 948 3210 qui
971 3124 1116 3202 audirem
1138 3132 1179 3190 A
1200 3128 1342 3211 graviter

180 3229 409 3313 interpolatum
432 3228 614 3313 ostendant,
648 3234 684 3295 ut
705 3231 743 3306 §5
767 3232 818 3314 59,
849 3230 900 3314 62,
931 3231 980 3314 65,
1012 3230 1062 3312 86,
1093 3229 1145 3312 98,
1175 3229 1258 3295 inter
1287 3248 1343 3297 aaa

175 3332 349 3414 lectiones,
382 3330 498 3413 quibus
530 3331 635 3398 uodux
670 3333 699 3396 Θ
728 3331 815 3398 solus
843 3350 864 3396 a
888 3329 1067 3395 ΘαΛαΓΛ
1093 3329 1214 3414 differt,
1247 3331 1343 3396 inter-

179 3434 364 3519 polationes
385 3431 504 3500 frustra
525 3452 674 3517 quaeras,
707 3451 780 3499 uum
811 3433 1012 3515 uurruptalae
1039 3453 1105 3500 uon
1132 3433 1195 3500 uiui
1217 3433 1342 3499 librari-

179 3555 273 3602 orum
294 3535 454 3603 arroribuu
476 3535 588 3602 illatae
609 3535 692 3601 siut.
1125 3587 1129 3595 .
1172 3587 1177 3594 .

490 3636 621 3703 .Θ“Λ“
643 3655 716 3705 uum
739 3639 807 3701 ΓΛ
829 3642 940 3703 eontra
963 3637 1008 3702 Θτ

268 3741 314 3807 IV
337 3742 387 3806 52.
409 3745 477 3804 τῶν
499 3735 705 3805 ἄλλωνΓΛι
727 3740 792 3802 τῶν
815 3735 961 3821 ἕλλήνων
980 3741 1019 3804 Θ.
1065 3742 1116 3806 53.
1139 3731 1246 3815 ούτως
1262 3743 1345 3806 TA:

185 3837 293 3920 ὅντως
317 3844 356 3906 Θ.
402 3843 452 3908 53.
475 3837 653 3925 ᾑρούμεθα
677 3844 708 3904 Γ
704 3847 744 3906 Λ
752 3863 761 3907 r
783 3837 1038 3921 κινούμεθαιθ.
1084 3844 1135 3906 54.
1159 3833 1345 3924 ἦρακλέους

183 3943 310 4021 παῖδες
340 3947 423 4010 TA:
460 3942 586 4020 παῖδες
607 3962 679 4010 ατο.
716 3944 755 4021 Θ,
791 3943 831 4010 cf.
867 3945 913 4020 68
928 3946 979 4008 56.
1009 3942 1059 4008 58.
1090 3944 1141 4009 62.
1164 3944 1215 4007 65.
1238 3941 1270 4007 Χ
1292 3944 1344 4008 31.

176 4053 239 4114 «55.
261 4040 449 4112 ἀνελέσθαι
473 4049 554 4110 TA:
576 4044 794 4130 παρελέσθαι
811 4046 850 4108 Θ.
896 4047 946 4110 56.
970 4041 1154 4128 φεύγοντες
1177 4046 1258 4108 TA:
1281 4065 1347 4128 φυ-

183 4148 303 4235 γόντες
327 4149 366 4228 Θ,
396 4148 436 4215 af.
460 4141 702 4230 ὑπερορῶντες,
732 4145 936 4228 νομίζοντες.
981 4150 1032 4212 57.
1056 4135 1177 4231 ἥττους
1199 4138 1220 4230 ἢ
1242 4163 1346 4230 usqua
