3134 4986
573 1254 717 1323 CAPUT
738 1255 781 1322 ll.

314 1403 374 1483 Dc
399 1403 614 1508 reparando
639 1403 835 1482 Posidonii
858 1403 906 1480 dc
931 1405 1043 1484 rebus

469 1524 686 1602 coelestibus
713 1523 890 1600 doctro'nc.

186 1697 352 1765 Posidonii
374 1695 495 1763 Rhodii
517 1695 559 1762 de
581 1696 679 1761 robus
702 1695 896 1762 caelestibus
919 1694 1100 1762 doctrinam
1117 1695 1261 1778 quicum·

100 1819 165 1883 que
186 1818 337 1883 reparare
360 1804 393 1864 et
414 1797 571 1882 refingere
593 1797 734 1863 animum
755 1797 921 1863 induxerit
941 1803 1070 1879 praetor
1092 1816 1148 1863 eos
1171 1797 1262 1862 locos

101 1902 158 1984 qui
187 1901 350 1984 expressis
379 1899 488 1966 verbis
518 1905 630 1982 utpote
651 1898 863 1965 Posidoniani
884 1920 906 1964 a
927 1899 1027 1967 variis
1050 1899 1263 1982 scriptoribus

100 2001 289 2069 adferuntur
310 2001 464 2084 respiciat
485 2019 618 2069 necesse
642 2007 691 2066 est
713 2000 772 2068 hos
786 2002 990 2086 potissimum
1006 2001 1262 2084 quattuorviros:

100 2105 298 2186 Plinium,
327 2102 549 2182 Achillem,
578 2101 630 2166 oui
663 2100 784 2168 Snidao
815 2103 944 2168 demum
974 2120 1062 2168 error
1083 2121 1262 2184 cognomen

101 2205 206 2272 Statio
229 2204 348 2270 indidit
370 2205 422 2282 (cf.
438 2195 739 2286 Dielsii‘Doxogr.'
758 2223 790 2286 p.
810 2207 870 2285 17),
894 2203 1122 2288 Geminum,
1145 2203 1262 2271 Oloo-

100 2307 263 2374 medem.
309 2303 397 2383 Quos
419 2304 637 2371 Posidoniana
665 2305 813 2371 doctrina
841 2305 970 2370 libellos
999 2324 1074 2371 suos
1103 2307 1262 2389 inrigasse

100 2411 168 2476 iam
188 2407 316 2493 pridem
339 2406 485 2473 homines
507 2405 595 2472 docti
617 2405 799 2488 pervidere.
836 2407 956 2472 Verum
979 2426 1051 2472 cum
1073 2427 1168 2474 nemo
1191 2408 1262 2474 illo-

100 2531 174 2576 rum
191 2511 383 2594 scriptorum
399 2528 496 2574 unum
513 2506 743 2592 philosophum
757 2509 996 2591 Apamecnsem
1012 2509 1046 2574 in
1061 2528 1153 2574 usum
1169 2529 1262 2574 suum
1385 2566 1388 2572 .

101 2611 323 2693 advocaverit,
346 2611 498 2676 intentius
520 2609 614 2675 nobis
636 2610 871 2692 anquirendum
888 2617 938 2676 est
952 2617 1110 2694 quatenus
1125 2612 1263 2694 quisque

101 2733 213 2780 eorum
243 2711 411 2778 Posidonii
443 2710 619 2777 sententias
651 2719 894 2794 repraesentare
924 2712 1082 2778 videatur.
1134 2714 1172 2778 ln
1197 2732 1264 2797 qua

102 2813 328 2899 disquisitione
350 2820 600 2880 consentaneum
624 2819 673 2878 est
688 2819 723 2878 ut
737 2814 779 2879 ab
795 2833 834 2880 co
850 2815 1006 2897 scriptore
1022 2814 1264 2896 proficiscamur

103 2937 201 3002 quem
223 2914 412 2982 fidelissime
427 2913 637 2980 Posidonium
661 2917 874 2999 exscripsisse
889 2935 1050 2999 quomque
1064 2917 1206 3000 plurima
1216 2916 1263 2994 ¹al)

103 3040 143 3087 eo
166 3024 345 3085 mutuatum
368 3034 439 3082 esse
462 3017 619 3100 suspicari
642 3018 748 3084 liceat.
787 3015 867 3095 Quis
889 3025 997 3084 autem
1014 3019 1070 3084 ille
1086 3017 1158 3084 est?
1191 3018 1265 3084 Hoc

102 3128 139 3187 ut
160 3119 404 3208 investigemus,
430 3118 575 3200 singulos
598 3117 671 3185 illos
694 3119 849 3203 deinceps
871 3120 1056 3187 adcuratius
1079 3119 1264 3187 considera·

102 3222 211 3288 bimus
239 3219 599 3303 circumspicicmusque
629 3240 704 3285 num
734 3221 813 3304 qnid
835 3221 997 3305 quemad
1019 3221 1150 3288 modum
1172 3221 1264 3288 Posi·

104 3323 203 3390 donio
226 3323 276 3389 usi
299 3322 363 3387 sint
384 3328 440 3388 aut
462 3323 526 3406 ipsi
549 3321 677 3388 tradant
699 3331 755 3388 ant
776 3323 908 3390 aliunde
932 3330 1065 3391 constet.

190 3422 406 3490 Exordiamnr
434 3424 462 3489 si
489 3424 597 3508 placet
624 3425 697 3489 ad.
719 3425 822 3488 Plinio
846 3427 1004 3498 Secundo,
1032 3424 1182 3492 helluone
1205 3426 1264 3492 illo

103 3527 258 3594 librorum
272 3531 370 3608 atque
384 3525 620 3608 antiquitatum.
644 3524 743 3592 Ouius
756 3521 934 3594 ‘Naturalis
949 3523 1119 3593 historiae'
1136 3528 1220 3593 libor
1231 3527 1265 3593 11

103 3628 147 3694 ad
176 3647 245 3694 renr
273 3634 414 3694 nostram
442 3627 583 3710 pertinet
610 3629 731 3712 quippo
760 3631 816 3712 qui
843 3630 877 3694 in
906 3628 1123 3712 descriptione
1153 3630 1264 3696 mundi

104 3738 252 3799 versetur
273 3729 307 3794 in
329 3729 484 3812 cuiusque
506 3735 673 3796 auctorum
690 3732 846 3797 laterculo
861 3729 1029 3796 Posidonii
1044 3750 1160 3797 nomen
1175 3733 1264 3816 lega·

104 3839 165 3898 tur.
202 3831 270 3898 Sed
293 3831 422 3898 obstant
442 3831 627 3914 gravissimi
648 3833 791 3915 scrupuli
813 3851 877 3914 quo
899 3833 1004 3898 minus
1026 3832 1125 3897 Plinii
1146 3833 1264 3898 librum

104 3953 164 4016 pro
193 3932 314 4000 idoneo
343 3930 578 4015 disquisitionis
598 3939 729 3999 nostrae
750 3933 962 4000 fundamento
986 3932 1170 4000 habeamus.
1215 3937 1265 4001 Ac

103 4037 243 4120 primum
266 4033 398 4118 quidem
420 4054 535 4118 parum
558 4040 679 4101 certum
702 4042 753 4101 est
773 4037 920 4118 ipsumne
942 4035 1152 4103 Posidonium
1174 4056 1264 4103 usur·

104 4138 191 4223 parit
206 4137 331 4203 Plinius
352 4155 395 4202 an
418 4135 563 4204 notitiam
583 4137 652 4204 eius
666 4135 749 4203 fonti
764 4137 956 4204 secundario
971 4137 1098 4205 debeat
1128 4139 1172 4206 Ut
1185 4157 1264 4205 sano
