3318 4970
466 406 507 460 De
524 405 628 474 legione
645 404 830 460 Romanorum
847 403 869 459 Ι.
888 402 1035 459 Adiutrice.
1289 403 1328 462 19

177 581 244 649 Sed
264 579 299 646 id
321 579 407 664 quod
429 599 487 664 per
507 597 542 646 se
558 597 682 646 summa
696 577 923 662 probabilitate
939 574 1179 644 commendatur
1194 579 1331 644 classem

176 684 391 750 Misenensem
404 683 507 767 ipsam
520 699 648 766 quoque
662 680 783 764 legioni
799 679 823 744 Ι.
835 678 992 745 Adiutrici
1006 679 1123 745 milites
1135 679 1331 763 praebuisse,

178 785 212 851 id
236 785 332 850 etiam
355 782 558 850 confirmatur
580 782 833 849 deliberantibus
849 781 998 847 nobis-
1014 779 1101 864 quod
1123 799 1220 865 supra
1242 801 1272 864 p.
1292 783 1330 845 16

177 885 425 952 adumbravi-
444 905 544 952 naves
567 885 679 952 elassis
701 884 898 950 Ravennatis
921 902 959 950 eo
982 889 1136 967 tempore,
1159 899 1223 966 quo
1244 881 1330 948 Mero

178 987 369 1071 classiarios,
399 993 434 1053 ut
462 987 538 1054 orbs
564 987 724 1069 Italiaque
751 987 784 1050 in
807 1005 915 1051 eorum
945 985 1046 1052 tutela
1074 990 1169 1066 esset,
1197 984 1331 1051 Romam

177 1089 377 1173 arcessebat,
407 1086 652 1154 transvehendis
681 1086 860 1153 vexillariis
883 1086 1046 1172 legionum
1069 1085 1332 1154 Germanicarum

179 1198 212 1256 et
233 1191 434 1274 lllyrioarum
456 1195 628 1274 occupatas
651 1189 782 1255 afuisse.

267 1292 363 1359 Adde
392 1293 498 1359 locum
526 1292 617 1356 illum
639 1290 745 1358 Taciti
767 1289 852 1367 (hist.
875 1291 891 1356 l
914 1291 964 1355 87.
988 1291 1027 1354 ct.
1052 1310 1082 1374 p.
1104 1293 1164 1372 13),
1188 1310 1251 1372 quo
1276 1291 1332 1355 mi·

182 1395 255 1462 lites
272 1395 385 1460 classis
401 1393 626 1470 Misenensisl)
640 1393 682 1458 ab
699 1391 835 1460 Othonis
850 1392 994 1476 partibus
1011 1392 1137 1458 stetisse
1153 1391 1209 1457 ille
1225 1391 1332 1474 tradit,

181 1504 353 1580 propterea
376 1495 463 1580 quod
480 1494 566 1562 Otho
588 1494 820 1562 commilitones
843 1513 952 1560 eorum
976 1511 994 1560 e
1016 1491 1162 1560 custodia
1185 1490 1333 1560 dimissos

182 1600 379 1665 innumeros
402 1599 538 1680 legionis
555 1597 797 1680 composuisset.
827 1595 932 1662 Iidem
946 1601 1054 1661 antem
1071 1595 1227 1662 classiarii
1244 1599 1334 1660 erant

181 1701 416 1766 commilitones
439 1699 576 1782 legionis
591 1699 616 1764 Ι.
633 1697 818 1764 Adiutricis.
849 1697 938 1762 Nulli
955 1698 1052 1780 igitur
1066 1697 1128 1764 nisi
1143 1696 1333 1762 Misenensis

181 1803 294 1868 elassis
317 1801 436 1867 milites
458 1820 542 1867 anno
565 1803 616 1866 68.
639 1802 672 1866 in
693 1800 807 1866 urbem
823 1805 978 1866 venerunt
1000 1799 1109 1882 ibique
1125 1799 1199 1864 iusti
1215 1799 1334 1864 milites

180 1905 258 1970 facti
279 1909 361 1970 sunt.
400 1901 523 1981 Quibus
539 1903 696 1986 expositis
719 1902 880 1985 legionem
895 1901 919 1966 Ι.
935 1901 1136 1968 Adiutricem
1158 1920 1200 1967 ex
1223 1901 1333 1966 elassi-

181 2006 227 2071 ois
250 2005 484 2071 Misenensibus
507 2004 584 2070 solis
607 2010 749 2070 creatam
772 2023 844 2070 esse
867 2003 1026 2069 existimo.

266 2107 388 2190 Restat,
412 2111 447 2172 ut
461 2104 656 2190 refellamus,
678 2105 764 2189 quod
780 2105 897 2188 aliquis
912 2111 1024 2170 contra
1039 2123 1090 2170 me
1104 2103 1211 2170 didere
1229 2110 1335 2188 potest

182 2207 407 2284 Mommseni2)
429 2209 587 2274 sententia
615 2208 724 2290 fretus,
754 2226 849 2290 quem
879 2207 1010 2290 plurimi
1039 2206 1101 2272 viri
1123 2205 1210 2272 docti
1233 2207 1335 2274 secuti

181 2317 270 2392 sunt,
300 2311 460 2376 censentis
483 2311 507 2375 l.
530 2310 748 2393 Adiutricem,
782 2317 816 2374 ut
838 2309 959 2375 Neroni
990 2309 1147 2390 originem
1177 2307 1333 2389 debuerit,

182 2413 298 2476 iustam
320 2412 482 2492 legionem
505 2409 731 2476 benevolentia
747 2409 870 2476 Galbae
885 2409 1088 2492 imperatoris
1110 2409 1227 2475 factam
1252 2428 1332 2490 esse,

182 2511 303 2594 qnippe
326 2511 381 2593 qui
405 2512 435 2576 ei
457 2512 599 2594 aquilam
622 2519 653 2578 et
683 2513 777 2595 signa
805 2511 957 2577 dedisset.
1002 2511 1160 2593 Equidem
1181 2512 1223 2576 ab
1247 2511 1334 2576 omni

182 2611 410 2697 probabilitate
439 2613 613 2680 abhorrere
641 2621 718 2697 puto
741 2613 887 2696 Galbam,
922 2613 976 2696 qui
1006 2619 1070 2678 tam
1100 2612 1272 2680 crudeliter
1300 2611 1337 2696 in

184 2715 367 2782 classiarios
391 2715 604 2798 consuluerat,
632 2717 738 2783 subito
771 2735 878 2781 eorum
903 2715 1147 2782 commilitiones
1170 2713 1334 2782 beneficiis

272 2953 296 3016 t)
314 2950 384 3005 Mam
409 2965 572 3019 quamquam
589 2949 703 3005 Tacitus
727 2965 787 3006 eam
807 2952 901 3018 aperte
922 2965 978 3004 non
995 2951 1123 3016 nominat,
1145 2957 1234 3006 temen
1258 2952 1335 3008 nulla

185 3035 240 3090 alia
257 3035 309 3091 nisi
327 3037 423 3091 classis
440 3035 603 3091 Misenensis
620 3035 800 3104 intellegenda
818 3040 867 3100 est,
890 3035 962 3104 quod
980 3041 1076 3091 contra
1095 3036 1209 3091 Galliam
1226 3036 1334 3092 Narbo·

183 3135 293 3175 nensem
315 3119 482 3185 mittebatur,
506 3135 585 3188 quam
607 3121 773 3191 provinciam
791 3121 825 3176 ad
843 3119 978 3176 Misenum
996 3123 1120 3190 spectare
1138 3124 1254 3176 constat.
1291 3121 1333 3177 Cf.

185 3205 279 3274 Veget.
295 3211 320 3262 4.
339 3209 387 3261 31:
401 3199 495 3276 ‘Apud
513 3205 648 3262 Misenum
665 3206 747 3274 igitur
765 3212 791 3260 et
809 3205 965 3260 Ravennam
984 3205 1101 3274 legiones
1120 3219 1181 3260 cum
1200 3204 1334 3262 classibus

185 3291 305 3358 stabant,
325 3305 359 3346 ne
378 3291 484 3360 longius
503 3307 519 3346 a
537 3293 622 3346 tutela
639 3293 715 3346 urbis
734 3291 925 3358 abscederent3
950 3296 1055 3345 etcum
1073 3291 1142 3344 ratio
1160 3292 1334 3359 postulasset,

184 3377 242 3431 sine
260 3391 347 3442 mora,
365 3377 425 3432 sine
443 3377 558 3432 circuitu
575 3377 611 3432 ad
628 3391 721 3433 omnes
734 3377 826 3432 mnndi
838 3380 930 3446 partes
942 3375 1048 3444 navigio
1060 3375 1239 3445 pervenirent.
1265 3376 1335 3432 Nam

184 3461 360 3518 Misenatiurn
379 3461 475 3518 classis
493 3462 652 3529 Galliam,
676 3461 831 3532 Hispanias,
855 3461 1061 3526 Mauretaniam,
1079 3459 1209 3528 Africam,
1227 3461 1335 3532 Aegyp·

182 3552 250 3616 tum,
276 3546 427 3603 Sardiniam
450 3553 531 3617 atque
549 3547 666 3602 Siciliam
690 3548 808 3603 habebat
830 3547 859 3602 in
881 3548 1012 3617 proximo.
1049 3546 1150 3602 Classis
1172 3553 1263 3602 autem
1280 3547 1335 3602 Ra·

185 3633 342 3688 sonnatium
355 3632 465 3702 Epiros,
479 3633 675 3698 Macedoniam,
687 3633 826 3700 Achaiam,
838 3632 1039 3702 Propontidem,
1051 3632 1177 3700 Pontum,
1189 3633 1335 3701 Orientem,

186 3718 303 3782 Cretam,
322 3718 441 3788 Cyprum
458 3723 552 3789 petere
570 3719 672 3775 directa
690 3719 862 3786 navigatione
879 3710 1075 3774 consueverat?

273 3806 298 3868 2)
317 3801 353 3858 cf.
373 3803 499 3859 0112111.
517 3821 545 3874 p.
564 3809 626 3860 9072
652 3847 658 3860 .
679 3845 686 3860 .
706 3847 712 3860 .
733 3801 926 3874 ‘docemurque
946 3803 1001 3858 lam
1023 3804 1097 3858 hisee
1118 3804 1219 3860 tabulis
1241 3803 1336 3874 paucis

188 3894 251 3944 ante
269 3891 384 3944 mortem
403 3889 497 3945 diebus
516 3890 659 3956 civitatem,
683 3877 763 3960 quam
782 3905 799 3945 a
816 3889 923 3945 Nerone
944 3889 1004 3944 iure
1029 3889 1120 3944 datam
1142 3905 1202 3945 esse
1219 3890 1336 3958 negabat

188 3977 237 4038 (sc.
257 3972 365 4040 Galba),
383 3974 472 4043 ipsum
489 3974 523 4030 iis
541 3976 586 4044 qni
603 3977 698 4031 vicena
715 3976 850 4045 stipendia
867 3975 1043 4030 emeruissent
1061 3975 1241 4042 concessisseq
1265 3974 1337 4030 unde

189 4058 308 4114 dubitari
331 4073 387 4113 non
409 4063 502 4128 potest
523 4064 551 4116 et
567 4061 666 4130 legioni
690 4067 746 4116 tum
765 4060 881 4130 aquilam
899 4060 988 4116 datam
1007 4074 1066 4116 esse
1084 4063 1112 4115 et
1128 4059 1160 4115 iis
1179 4059 1225 4130 qni
1243 4059 1336 4114 classi·

189 4159 281 4199 corum
298 4143 327 4198 in
346 4157 379 4198 ea
396 4145 584 4201 retinebantur
600 4145 664 4200 item
683 4143 835 4202 civitatem?

1150 4232 1181 4284 2*
