3282 4968
315 383 357 442 84
614 447 615 452 η
727 384 867 451 Angustus
884 382 1038 437 Junemann

401 555 438 620 In
460 554 631 622 duodecim
655 556 752 640 igitur
768 555 886 622 milites
902 553 1083 637 incidimus,
1107 553 1162 638 qni
1184 553 1298 639 procul
1319 573 1340 618 a
1361 552 1469 635 domo,

313 657 427 741 procul
448 677 469 723 a
490 657 668 740 provincia,
697 658 749 724 cui
777 675 925 740 quaeque
946 656 1033 739 legio
1056 654 1274 741 praesidebat,
1303 655 1338 721 in
1359 655 1471 721 Africa

315 759 432 825 mortui
455 764 536 826 sunt.
575 756 681 836 Quare
703 778 775 825 cum
797 758 878 823 nulli
900 758 963 824 nisi
986 757 1186 824 exercituum
1204 756 1471 824 GermanIcorum

314 860 571 926 Pannonicorum
600 860 834 928 Moesiacorum
863 859 982 926 milites
1015 859 1237 939 inveniantur,
1269 858 1469 940 adducimur,

314 967 351 1026 ut
383 959 443 1028 has
474 961 630 1045 legiones,
652 963 747 1028 simul
780 961 960 1045 eodemque
993 966 1137 1045 tempore
1170 960 1400 1028 ventilationes
1437 961 1472 1024 in

315 1062 547 1130 Mauretaniam
577 1064 704 1131 misisse
734 1062 912 1130 credamus.
958 1061 1049 1142 Quae
1077 1063 1237 1129 sententia
1265 1081 1303 1128 eo
1327 1081 1472 1145 compro·

315 1164 419 1247 batur,
449 1165 537 1250 quod
560 1163 640 1232 baec
662 1165 831 1249 provincia
852 1183 915 1231 non
937 1185 959 1231 a
980 1165 1119 1248 logione,
1149 1164 1208 1230 sed
1231 1184 1251 1230 a
1273 1165 1387 1250 paucis
1409 1163 1470 1230 alis

317 1273 350 1333 et
364 1265 550 1334 cohortibus
565 1267 745 1334 auxiliariis
762 1265 1005 1349 defendebatur,
1029 1286 1112 1350 quae
1127 1267 1205 1351 quin
1224 1266 1360 1348 muneri,
1384 1264 1471 1349 qnod

315 1368 363 1434 eis
387 1368 573 1452 obvenerat,
595 1375 630 1434 ut
652 1369 853 1451 provinciam
868 1368 910 1434 ab
925 1368 1159 1436 incursionibus
1175 1367 1315 1435 bostium
1332 1373 1472 1434 tutaren-

316 1475 376 1554 tur,
399 1469 441 1536 ob
456 1475 546 1536 tanta
560 1476 718 1536 terrarum
735 1471 842 1553 spatia
856 1471 997 1554 impares
1013 1488 1111 1554 saepe
1126 1469 1247 1535 tuerint
1260 1490 1325 1536 non
1347 1469 1470 1536 dubito.

315 1571 422 1636 Etiam
445 1572 617 1639 Numidiae
640 1573 766 1638 vicinae
789 1591 854 1638 una
876 1578 1000 1638 tantum
1021 1572 1109 1656 legio
1137 1570 1356 1656 praesidebat,
1388 1590 1471 1654 quae

315 1679 403 1740 certe
424 1674 459 1739 in
480 1675 651 1758 provincia
672 1695 731 1742 sua
747 1673 953 1742 defendenda
968 1680 1080 1741 contra
1094 1674 1292 1742 lacessentes
1308 1673 1472 1742 Nomades

314 1775 368 1854 (ct.
392 1796 423 1860 p.
440 1777 505 1855 85.)
528 1795 655 1860 semper
677 1783 745 1843 tota
767 1782 926 1861 occupata
949 1779 1056 1855 oratu

401 1877 496 1944 Nunc
518 1877 551 1943 id
574 1878 690 1962 agitur,
721 1898 784 1962 quo
807 1885 953 1962 tempore
976 1884 1008 1944 et
1031 1897 1127 1962 quam
1150 1878 1191 1944 ob
1215 1897 1346 1944 causam
1368 1876 1473 1943 vexil-

316 1978 454 2044 lationes
476 1979 641 2064 legionum
662 1979 913 2046 occidentalium
936 1981 969 2046 in
988 1978 1131 2045 Africam
1153 1981 1270 2047 missas
1293 1999 1365 2046 esse
1387 1979 1473 2045 arbi-

316 2085 444 2144 tremur.
489 2081 632 2146 Primum
655 2082 714 2148 sub
738 2082 914 2166 Hadriano,
938 2082 995 2166 qui
1016 2081 1064 2147 rei
1086 2081 1236 2148 militaris
1258 2080 1472 2166 peritissimus

317 2181 414 2246 etiam
444 2180 554 2249 hostes
582 2200 710 2265 semper
742 2183 785 2248 ad
818 2184 1017 2250 incursiones
1051 2182 1218 2250 faciendas
1251 2183 1472 2267 paratissimos

315 2289 404 2348 metu
431 2285 630 2368 compressit,
660 2290 781 2350 tantam
811 2284 1003 2351 seditionem
1034 2290 1136 2351 ortam
1165 2304 1246 2368 esse,
1275 2291 1310 2352 ut
1336 2283 1470 2352 aliarum

316 2384 480 2466 legionum
503 2385 626 2451 auxilio
650 2405 731 2470 opus
754 2391 848 2468 esset,
872 2387 942 2452 veri
963 2405 1029 2452 non
1051 2392 1101 2452 cst
1122 2387 1268 2464 simile.²)

402 2487 530 2554 Deinde
557 2487 616 2554 Pio
645 2488 824 2571 imperante
852 2493 888 2553 ut
915 2486 1058 2572 undique
1086 2488 1196 2557 hostes
1224 2489 1340 2555 iterum
1369 2489 1472 2572 magis

316 2588 485 2672 magisque
515 2589 682 2675 urgebant,
712 2591 759 2655 ita
780 2589 884 2654 Mauri
911 2609 1041 2674 quoque
1069 2591 1291 2674 magniscam
1314 2591 1417 2674 copiis
1440 2592 1473 2657 in

318 2689 553 2756 Mauretaniam
574 2692 733 2758 invasIsse
756 2690 915 2756 videntur.
960 2691 1058 2773 Apud
1080 2692 1275 2759 Pausaniam
1297 2694 1395 2777 enim,
1418 2694 1474 2777 qni

319 2811 359 2856 ea
373 2792 441 2858 fere
456 2798 564 2858 aetatc
579 2793 718 2877 scripsit,
733 2793 870 2875 legimns
883 2792 960 2858 VIII
975 2796 1027 2877 43,
1044 2796 1078 2860 3:
1102 2798 1133 2872 (d
1148 2788 1409 2872 delictoribus)
1423 2846 1430 2860 .
1445 2845 1452 2860 .
1467 2845 1474 2860 .

318 2891 469 2975 πόλεμον
491 2897 553 2975 μὲν
568 2887 747 2975 Ῥωμαιοις
763 2893 946 2982 ἐθελοντὴς
962 2898 1149 2982 ἐπηγάγετο
1167 2895 1297 2976 οὐδένα,
1321 2896 1473 2979 πολέμου

319 2993 355 3058 δὲ
380 2993 543 3080 ἄρξαντος
559 2999 734 3082 Μαύρους,
757 2997 901 3077 Λιβύων
923 3005 991 3061 τῶν
1015 3001 1210 3080 αὐτονόμων
1233 3003 1292 3086 τὴν
1314 3004 1475 3086 μεγίστην

317 3103 452 3182 μοῖραν,
476 3096 620 3179 νομάδες
642 3121 678 3162 τε
702 3101 801 3173 ὄντας
822 3101 878 3160 καὶ
900 3097 1032 3182 τοσῷδε
1054 3102 1106 3163 ἔτι
1129 3099 1396 3186 ὁυσμαχωτέρως
1413 3110 1477 3164 τοῦ

317 3200 491 3262 Σκυθικοῦ
510 3205 626 3282 γένους
655 3204 723 3283 ὅσῳ
752 3203 796 3286 μη·
822 3202 881 3262 ἐπὶ
903 3199 1052 3281 ἁμαξῶν,
1082 3205 1142 3265 ἐντὶ
1171 3205 1290 3266 ἵππων
1315 3201 1350 3266 δὲ
1376 3205 1475 3266 αύτοι

318 3324 354 3365 τε
385 3305 443 3364 καὶ
477 3303 513 3363 αἰ
544 3307 697 3384 γυναῖκες
730 3300 869 3387 ἠλῶντο,
904 3307 1085 3378 τούτους
1116 3307 1191 3384 μὲν
1225 3302 1268 3381 ἐξ
1301 3307 1476 3391 ἁπάσης

318 3401 506 3467 ἐλαύνων
535 3413 582 3489 τῇ
592 3426 609 3479 ς
635 3407 775 3488 χώρας
804 3406 839 3479 ἐς
868 3405 909 3464 τὰ
933 3406 1057 3484 ἔσχατα
1081 3409 1266 3490 ἠνάγκασεν
1289 3408 1476 3492 ἀναφυγεῖν

317 3507 455 3590 Λιβύης
477 3508 539 3568 ε’ττί
561 3527 597 3568 τε
614 3498 781 3568 Ἄτλαντα
810 3507 849 3566 τὸ
879 3507 957 3590 ὅρος
985 3510 1042 3570 καὶ
1063 3510 1099 3582 ἐς
1120 3511 1199 3584 τούς
1222 3511 1310 3594 πρὸς
1333 3507 1383 3590 τῷ
1399 3500 1477 3570 ’Ἀτ-

407 3705 431 3766 ι)
454 3701 497 3756 De
520 3702 622 3772 copiis,
647 3718 717 3773 quse
739 3703 884 3760 Numidiae
905 3709 933 3758 et
956 3705 1145 3760 Mauretaniae
1166 3707 1314 3776 prouinciis
1337 3707 1477 3776 praesidio

318 3785 461 3856 Impositos
484 3791 575 3856 erant,
602 3788 704 3856 optime
730 3787 859 3845 disscrmt
882 3789 999 3859 coguut,
1025 3786 1143 3848 ‘I'armte
1164 3791 1297 3847 Romaine
1323 3785 1479 3861 d’Afrique’

318 3887 347 3942 p·
363 3874 639 4025 eusstcufcrsggsshn·
659 3975 683 4014 v.
702 3957 787 4016 Hudr.
807 3974 831 4014 o.
850 3963 880 4014 ιι
894 3956 997 4014 ‘Mauri
1013 3953 1204 4031 lacessebant,
1222 3965 1250 4016 et
1267 3977 1292 4018 c.
1313 3965 1358 4017 ιιι
1371 3955 1477 4018 ‘motus

320 4039 479 4096 Maurorum
498 4035 675 4110 compresnit'.
701 4043 805 4112 Quibus
822 4043 912 4100 uerbis
930 4043 1133 4100 demonstratur
1150 4045 1273 4115 Mauros,
1290 4051 1322 4103 ut
1338 4047 1478 4113 solebant,

319 4124 401 4180 huius
418 4128 523 4180 tractus
542 4126 647 4182 incolas
663 4128 812 4198 roxarisse,
829 4129 877 4185 sed
895 4128 988 4186 statim
1005 4143 1066 4186 esse
1081 4131 1266 4201 propulsatos.
