3170 4984
247 407 289 462 De
306 407 428 464 fontibus
445 407 570 480 Dionysii
587 407 838 466 Halicarnassensis
856 383 1027 478 quaestiones
1044 409 1145 465 uarios.
1210 410 1274 470 245

118 581 226 649 locum
249 571 371 650 habere
398 587 534 666 negant,
565 581 639 650 dico
661 580 918 666 Holnapfelium,
942 583 1161 660 Gilbertum.¹)
1201 584 1284 652 Ille

119 685 206 750 enim
221 684 321 751 scribi
336 683 430 750 iussit
443 683 515 751 Liv.
531 683 563 750 Π
580 687 630 762 15,
648 689 681 750 1:
701 678 779 768 ‘Su
795 683 968 752 Larcius
991 684 1086 752 inde
1102 694 1138 752 et
1152 686 1189 754 P.
1205 685 1282 754 Va·

116 786 283 852 lerius
313 778 595 869 Publicola',
623 785 758 853 Horatio
789 789 821 851 et
842 785 1011 852 Herminio
1041 788 1185 871 omissis3
1214 787 1285 856 hio

116 887 256 955 Medioei
271 888 388 974 probat
401 887 590 954 lectionem:
610 880 687 972 ‘Sp.
703 887 920 954 Lucretius
942 887 1038 954 inde
1061 895 1098 954 et
1112 889 1280 960 P.Vale-

116 991 205 1056 rius
221 989 440 1056 Publicola
461 981 551 1072 III',
575 989 702 1056 omissis
718 989 834 1056 Larcio
857 995 890 1055 et
903 989 1072 1056 Herminio
1089 997 1120 1057 et
1134 991 1282 1060 Horatio.

117 1089 281 1158 Confiteor
302 1111 381 1158 sane
404 1111 444 1158 sa
467 1112 566 1160 causa
587 1093 808 1176 potissimum,
831 1109 929 1174 quam
953 1111 995 1158 ex
1017 1091 1153 1159 historia
1174 1113 1283 1161 narra·

117 1193 215 1260 tionis
238 1193 279 1260 de
302 1194 390 1260 bello
406 1193 541 1260 Etrusco
564 1195 712 1278 repetivi,
736 1213 788 1260 me
811 1193 941 1281 adduci,
965 1199 1001 1260 ut
1021 1193 1082 1261 bas
1105 1197 1282 1264 sententias

117 1295 306 1377 improbem.
352 1293 478 1374 Quibus
499 1296 528 1363 si
549 1297 740 1379 assentirer,
769 1294 805 1361 id
834 1315 963 1380 quoque
992 1296 1039 1363 eis
1068 1296 1281 1364 concederem

117 1415 251 1464 necesse
274 1403 375 1478 esset,
405 1417 465 1481 pro
487 1397 614 1464 tertio
637 1403 670 1464 et
691 1403 836 1482 quarto
859 1398 983 1465 liberae
1005 1401 1054 1465 rei
1075 1399 1163 1484 publ.
1186 1401 1281 1468 annis

118 1501 197 1568 olim
211 1517 309 1566 unum
325 1499 488 1566 exstitisse
504 1501 579 1576 (247
591 1505 632 1576 -l-
644 1501 706 1564 248
718 1527 761 1552 =
771 1502 862 1584 247),
877 1506 911 1566 at
926 1520 988 1585 ego
1003 1521 1046 1568 ox
1060 1502 1139 1569 belli
1155 1501 1282 1568 Etrusci

117 1601 218 1668 variis
241 1601 404 1668 memoriis
420 1603 612 1685 cognouisse
626 1601 707 1668 mibi
723 1599 839 1668 videor
860 1602 1037 1668 alterum
1060 1609 1093 1670 et
1113 1603 1281 1669 tertium

117 1704 225 1788 potius
248 1723 291 1770 ex
312 1723 376 1770 uno
392 1702 574 1788 eodemque
589 1723 673 1771 anno
688 1704 853 1770 annalium
868 1704 1061 1787 scriptorum
1084 1710 1154 1770 arte
1175 1704 1280 1772 laotos

117 1825 199 1874 esse.
243 1804 349 1872 (trodo
377 1811 486 1872 tamon
507 1806 592 1889 fore,
622 1811 657 1872 ut
679 1807 743 1889 eis,
774 1805 829 1889 qui
851 1824 917 1871 non
939 1813 1097 1891 occupata
1119 1806 1280 1874 sententia

117 1907 160 1974 ad
182 1907 270 1973 Livii
298 1908 391 1974 illum
419 1909 526 1974 locum
555 1907 768 1990 accesserint,
797 1908 895 1973 etiam
923 1908 1116 1975 narrationis
1146 1907 1282 1974 historia

116 2011 282 2095 neglecta,
312 2009 383 2077 sola
411 2009 558 2076 codicum
586 2010 711 2076 ratione
740 2007 868 2092 habita,
897 2009 1131 2076 Mommssnum
1155 2007 1217 2076 bac
1239 2029 1282 2076 ex

116 2117 209 2196 parte
232 2131 345 2178 verum
361 2110 483 2178 vidisse
504 2110 747 2195 persuadeatur.
784 2109 877 2176 Nihil
900 2103 986 2177 onir'n
1009 2111 1089 2178 dicit
1107 2112 1280 2198 Holnapfo·

117 2216 191 2300 lius,
214 2234 287 2281 cum
310 2233 366 2280 eos
388 2212 529 2298 codices,
552 2213 720 2296 inquibus
742 2213 805 2278 tria
828 2217 957 2278 exstant
978 2215 1118 2296 nomina,
1142 2213 1176 2280 in
1191 2213 1280 2280 dete·

116 2317 255 2384 rioribus
278 2335 349 2384 esso
372 2315 540 2382 habendos
555 2313 719 2397 admonet,
743 2315 771 2380 si
786 2313 918 2398 quidem
941 2314 1103 2380 interdum
1121 2317 1208 2384 solos
1224 2336 1280 2382 eos

117 2439 231 2486 verum
253 2437 401 2487 servasse
424 2418 587 2494 constat.²)
625 2414 733 2494 Quare
760 2416 895 2500 propius
916 2417 959 2483 ad
979 2417 1152 2482 ueritatem
1172 2437 1280 2485 soces-

117 2521 209 2606 seris,
232 2521 260 2587 si
282 2519 432 2587 statueris
448 2518 608 2584 Herminii
630 2537 748 2585 nomen
771 2519 805 2582 in
820 2517 922 2584 tribus
944 2518 1010 2585 illis
1026 2517 1193 2586 codicibus
1215 2538 1281 2586 ser-

117 2629 245 2706 uatum,
269 2623 302 2687 in
324 2622 458 2706 reliquis
480 2620 611 2687 nomino
632 2617 756 2686 Valerii
779 2619 907 2686 adiecto
933 2620 1007 2686 loeo
1035 2640 1093 2686 suo
1122 2625 1282 2686 remotum

119 2745 205 2808 esse,
228 2725 377 2810 quamsi
401 2743 473 2789 cum
495 2719 701 2805 Holzaptclio
725 2723 889 2788 coniceres
911 2721 1072 2790 Herminii
1099 2741 1217 2788 nomeu
1248 2723 1281 2787 in

117 2826 296 2912 archetypo
319 2825 415 2892 trium
436 2825 565 2892 illorum
588 2824 737 2890 codicum
759 2824 898 2908 margini
913 2825 955 2890 ab
971 2825 1081 2908 aliquo
1096 2824 1281 2908 appositum

119 2935 152 2996 et
173 2929 249 2995 inde
279 2929 313 2993 iu
342 2933 465 2993 textum
489 2947 561 2994 esse
583 2927 717 2992 illatum.
762 2927 891 2992 Etenim
914 2925 1107 2992 Lucretio
1129 2945 1186 2993 our
1208 2926 1281 3009 quis

118 3031 320 3098 Herminium
335 3029 494 3112 collegam
510 3027 712 3112 adiungeret,
737 3047 834 3112 quem
848 3028 926 3094 Lar
935 3027 990 3094 cii
1005 3026 1165 3109 collegam
1180 3027 1281 3094 inisse

117 3133 200 3200 alias
222 3131 375 3198 traditum
399 3129 491 3196 erat?
520 3129 772 3197 Lucretius
800 3130 997 3196 artemiam
1026 3129 1063 3193 in
1086 3129 1280 3212 omnium,

118 3235 175 3319 qui
189 3239 329 3300 aetatem
344 3234 494 3314 tulerunt,
518 3230 666 3298 codicum
681 3231 861 3315 archetypo
876 3231 984 3298 Laroii
1006 3231 1114 3297 locum
1132 3230 1281 3313 obtinuit,

117 3335 237 3402 nedum
260 3336 293 3400 in
315 3337 436 3400 trium
459 3334 588 3400 illorum
609 3331 786 3418 archetypo
804 3331 975 3400 Larcius
998 3337 1145 3398 servatus
1167 3331 1280 3398 fueriti

118 3437 239 3504 Contra
259 3444 296 3503 ut
309 3437 434 3502 Valerii
456 3435 646 3502 Publicolae
668 3454 786 3501 nomen
809 3434 996 3518 ascriberet,
1019 3433 1147 3500 facilius
1162 3433 1280 3516 aliquis

117 3539 228 3606 induci
249 3543 387 3623 poterat,
411 3557 483 3604 cum
500 3535 725 3619 intellexisset,
749 3555 944 3620 quamquam
967 3541 1032 3602 tres
1047 3539 1170 3600 tantum
1186 3533 1281 3602 huius

117 3641 181 3705 viri
196 3641 381 3707 consulatus
404 3640 534 3706 omnino
557 3639 590 3702 in
605 3636 692 3702 Livii
713 3638 806 3704 tastis
827 3640 1054 3720 reperirentur,
1077 3641 1184 3702 tamen
1207 3635 1280 3701 ulti·

117 3762 205 3808 mum
228 3763 271 3809 ex
293 3741 344 3808 bis
368 3747 516 3826 quartum
538 3739 619 3806 dici:
643 3737 679 3803 L.
702 3739 735 3805 II
760 3742 809 3822 16,
832 3741 861 3804 2.

203 3843 278 3910 Non
293 3863 372 3910 sane
386 3861 439 3908 mc
454 3843 538 3925 fugit
559 3841 644 3908 buno
659 3841 854 3938 scrupulum,
878 3859 974 3923 quom
990 3839 1207 3906 Mommsenus
1231 3857 1280 3924 eo,

121 3957 327 3988 ”·”-““’Τ

206 3997 231 4062 1)
244 3987 355 4048 ‘Philon
373 3987 452 4048 ΔΜΒ
470 3997 497 4062 o,
514 3995 574 4047 rer.

205 4083 231 4146 2)
249 4077 291 4134 cf.
309 4077 345 4132 A.
360 4076 482 4146 Frigell,
498 4075 675 4133 Lirianorum
690 4075 824 4132 librorum
846 4073 950 4143 primae
967 4071 1077 4130 decadis
1095 4071 1280 4130 emendandae

115 4165 187 4220 ratio
205 4179 233 4234 p.
253 4167 295 4218 29.
