3134 4986
301 379 365 438 356
759 377 884 446 Edgarus
903 377 1015 431 Martini

301 557 335 619 et
357 553 560 634 exploratum
584 551 750 633 habemns,
773 551 880 634 potins
903 551 937 615 in
956 555 1085 615 terrena
1099 547 1227 614 cadunt.
1260 549 1377 631 Neque
1394 567 1473 614 vero

301 654 465 720 veteribus
494 673 573 720 vera
602 655 846 720 concussionum
874 659 980 716 terrae
1008 657 1125 716 natura
1146 655 1201 714 aut
1224 651 1351 717 indoles
1374 651 1475 733 plane

302 761 476 839 perspecta
498 756 694 839 cognitaque
717 762 795 835 erat,
819 753 877 819 sed
900 753 1014 818 incerti
1037 753 1219 818 titubabant
1240 752 1299 814 alii
1314 753 1416 815 aliam
1433 751 1476 816 de

303 858 431 923 illarum
455 857 579 938 origine
601 863 818 940 proponentes
840 855 1043 922 sententiam.
1080 853 1164 918 Vide
1186 854 1230 918 sis
1252 852 1373 917 Ideleri
1399 873 1475 918 eon·

304 963 449 1044 spectum
465 960 651 1041 opinionum
667 965 812 1023 veterum
831 956 872 1022 de
887 964 973 1022 terra
988 960 1076 1020 mota
1090 956 1122 1019 in
1139 954 1189 1020 ed.
1203 955 1300 1021 Arist.
1314 945 1474 1020 ‘Meteon'

305 1061 370 1127 vol.
393 1061 426 1126 11
449 1080 480 1143 p.
499 1061 640 1142 584sqq.
686 1059 811 1124 Seneca
833 1064 939 1123 autem
964 1059 1018 1124 vel
1041 1059 1149 1141 potius
1172 1058 1242 1124 eins
1264 1063 1378 1122 auctor
1401 1077 1477 1122 cnm

304 1169 535 1228 terraemotus
557 1161 601 1226 ad
624 1163 845 1244 quaestionem
869 1159 910 1224 de
934 1161 1126 1226 sublimibus
1148 1160 1310 1242 pertinere
1333 1177 1479 1241 pronun-

306 1265 381 1346 tiat,
409 1265 452 1329 ab
481 1262 532 1329 bis
560 1263 689 1327 illorum
718 1262 968 1345 explicationem
992 1262 1219 1335 arcessendam
1243 1280 1315 1326 esse
1339 1259 1479 1324 duxisse

308 1365 468 1452 putandus
499 1369 556 1430 est
600 1364 671 1430 Nee
698 1383 757 1429 nos
787 1362 904 1428 dubios
933 1364 1086 1448 relinquit
1114 1363 1249 1429 Seneca.
1301 1363 1359 1428 Ait
1388 1362 1479 1426 enim

307 1469 329 1534 i.
353 1469 374 1533 l.
397 1469 468 1544 §32
495 1461 572 1549 ‘quo
599 1466 712 1547 modo,
741 1466 865 1548 inquis,
896 1466 1116 1531 deterrarum
1139 1472 1228 1530 motu
1250 1465 1481 1548 quaestionem

309 1589 348 1636 eo
377 1569 515 1653 posuisti
541 1570 614 1634 loeo
638 1589 702 1652 quo
725 1566 766 1632 de
789 1567 959 1633 tonitribus
981 1568 1226 1650 fulgoribusque
1248 1567 1394 1632 dicturus
1421 1566 1481 1630 esi

311 1673 389 1756 qnia
421 1691 493 1738 cum
522 1678 628 1736 motus
657 1681 761 1735 terrae
791 1670 906 1752 spiritu
934 1668 1027 1752 fiant,
1058 1670 1189 1752 spiritus
1217 1676 1325 1733 autem
1355 1687 1417 1734 aer
1442 1669 1484 1734 sit

310 1775 461 1857 agitatus,
485 1773 612 1838 etiamsi
634 1773 721 1837 subit
742 1778 854 1854 terras,
877 1791 941 1837 non
958 1751 1003 1837 ibi
1019 1771 1214 1856 spectandus
1229 1777 1293 1836 est:
1316 1770 1485 1852 cogitetur

127 1928 131 1938 ,
228 1915 230 1919 -
309 1877 342 1940 in
366 1894 406 1941 ea
428 1873 507 1940 sede
529 1875 561 1938 in
585 1893 649 1956 qna
670 1875 762 1938 illum
778 1882 893 1940 natura
908 1869 1086 1956 disposuit?
1122 1872 1248 1939 Seneca
1262 1869 1362 1955 igitur
1377 1878 1482 1937 terra-

310 1996 382 2041 rum
404 1981 509 2041 motus
531 1974 600 2039 fieri
623 1976 795 2057 existimat,
819 1996 890 2042 eum
914 1976 1045 2059 spiritus
1068 1994 1125 2040 seu
1147 1993 1204 2040 aer
1218 1976 1359 2058 agitatus
1375 1981 1484 2040 terras

313 2078 408 2144 subit.
454 2077 537 2142 Hinc
566 2077 640 2142 illos
663 2077 927 2161 contemplandos
951 2097 990 2142 eo
1014 2079 1085 2142 loco
1109 2097 1172 2160 quo
1195 2077 1356 2141 derebus
1378 2077 1485 2142 subli-

312 2179 418 2244 mibus
441 2177 629 2262 disputetur.
667 2177 840 2246 Oculorum
861 2180 966 2245 aciem
989 2180 1088 2245 velim
1111 2179 1260 2244 intendas
1274 2178 1317 2244 ad
1333 2179 1485 2262 explica·

312 2282 434 2346 tionem
463 2283 707 2348 concussionum
736 2287 841 2347 terrae
869 2303 890 2347 a
919 2283 989 2347 viro
1018 2283 1114 2347 docto
1137 2283 1282 2347 Romano
1305 2283 1485 2364 prolatam.

314 2383 417 2462 Quam
432 2383 599 2449 Posidonii
622 2402 693 2448 esre
706 2383 852 2450 Laertius
868 2392 1072 2467 comparatus
1089 2385 1219 2450 evincit.
1238 2385 1277 2450 cf.
1292 2385 1312 2448 t.
1326 2383 1388 2448 VII
1407 2389 1486 2449 154:

313 2483 392 2564 τοὺς
420 2482 580 2568 σεισμοὺς
608 2483 644 2549 δὲ
670 2489 830 2568 γίνεσθαι
852 2483 1044 2567 πνεύματος
1067 2483 1115 2561 εἰς
1137 2483 1179 2548 τὰ
1201 2475 1400 2566 κοιλώματα
1427 2495 1487 2570 τῆς

313 2593 372 2678 γῆς
400 2585 573 2663 dadbertus
600 2576 622 2673 ἢ
650 2591 931 2668 καθειρχθέντος,
961 2585 1054 2651 καθά
1083 2609 1169 2674 φησι
1190 2578 1430 2662 Ποσειδώνιος
1455 2585 1488 2652 ἐν

314 2694 356 2779 τῇ
379 2682 480 2775 ὀγδόῃ
504 2691 574 2756 scil.
597 2698 657 2754 τοῦ
677 2684 843 2754 ίΦυσικοῦ
858 2680 1014 2774 idyoo'.¹)
1052 2689 1151 2754 Nulla
1173 2690 1271 2772 igitur
1285 2694 1395 2772 potest
1414 2709 1488 2756 esse

316 2794 475 2860 dubitatio
506 2794 582 2875 quin
611 2812 696 2875 quae
725 2793 812 2877 apud
842 2793 999 2859 Senecam
1030 2799 1063 2858 et
1086 2791 1248 2857 Achillem
1279 2792 1320 2858 de
1350 2793 1488 2857 notione

317 2897 546 2963 vocabulorum
570 2896 722 2977 μετέωρα
746 2900 799 2969 t=
815 2895 980 2970 caelestia)
1005 2901 1038 2960 et
1058 2891 1226 2976 μετάρσια
1248 2897 1302 2970 (--
1317 2894 1490 2971 sublimia)

319 2999 539 3082 disceptantur
560 2996 603 3061 ad
626 2996 834 3062 Posidonium
858 3003 1022 3060 auctorem
1045 3001 1256 3060 revertantur.

408 3099 476 3165 lam
506 3097 533 3164 si
562 3098 671 3181 placet
700 3118 804 3180 pauca
833 3099 875 3163 de
904 3098 1073 3163 Posidonii
1101 3098 1192 3164 libris
1221 3099 1491 3180 meteorologicis

319 3203 475 3282 dicamus,
499 3199 540 3264 de
563 3201 680 3282 quibus
697 3199 861 3264 bominum
878 3200 1044 3265 doctorum
1061 3201 1237 3265 sententias
1251 3199 1368 3264 mirum
1384 3220 1492 3282 quan·

320 3314 386 3370 tum
407 3302 562 3368 fluctuare
585 3301 723 3379 sideest)

409 3404 540 3470 Laertio
557 3403 704 3484 Diogene
727 3409 859 3468 auctore
875 3403 1068 3470 Posidonius
1084 3402 1210 3469 duabus
1225 3437 1266 3448 —
1281 3403 1315 3466 ni
1332 3403 1435 3468 fallor
1450 3437 1496 3448 -

322 3505 549 3591 scriptionibus
586 3505 743 3589 peculiari
780 3503 887 3570 studio
924 3525 975 3570 res
1012 3505 1280 3586 meteorologieas
1309 3509 1497 3586 pertracta·

321 3612 383 3676 vitr
412 3626 548 3691 quarum
575 3607 785 3689 scriptionum
813 3607 902 3688 prior
932 3607 989 3672 illa
1016 3611 1065 3672 est
1087 3608 1139 3672 cui
1161 3607 1272 3671 titulus
1296 3613 1367 3672 erat
1385 3599 1498 3690 ‘aspi

410 3796 435 3858 t)
456 3789 555 3844 Differt
577 3789 646 3843 haec
665 3789 802 3844 Posidonii
825 3789 945 3844 definitio
969 3805 985 3843 a
1010 3789 1113 3858 volgari
1131 3789 1291 3844 Stoicorum.
1330 3788 1372 3844 cf.
1391 3789 1497 3845 Dielsii

323 3878 441 3944 Doxcgr.
460 3879 670 3946 p.379,11sqq.
789 3875 792 3878 ’

412 3965 438 4026 2)
461 3961 545 4014 Plane
567 3976 694 4030 perversa
716 3959 830 4029 protulit
847 3959 1033 4014 Scbmekelins
1056 3959 1084 4013 in
1108 3959 1177 4013 libro
1203 3961 1361 4026 ceteroquin
1379 3959 1494 4028 egregio

324 4041 442 4101 ‘Philus
461 4045 510 4099 der
527 4046 606 4100 mitti.
626 4038 703 4100 Stoa'
722 4049 810 4110 41892)
827 4061 854 4114 p.
871 4051 902 4098 14
919 4048 977 4099 not.
991 4051 1016 4100 5.
1048 4045 1117 4098 Item
1135 4047 1242 4099 scatent
1259 4041 1401 4097 erroribus
1422 4059 1495 4113 quae

325 4131 475 4201 disputarit
491 4129 647 4184 Malcbinns
661 4125 716 4183 ‘De
734 4134 839 4184 auctor.
856 4129 947 4198 qbdm.
966 4129 1013 4198 qui
1029 4129 1092 4185 Pos.
1111 4121 1183 4183 adh?
1200 4131 1299 4195 (1893),
1316 4145 1345 4196 p.
1360 4132 1393 4182 26
1405 4145 1468 4199 sqq.
