3170 4984
123 392 196 460 Quae
213 390 282 445 ratio
300 389 452 444 intercedat
468 388 539 442 inter
551 387 703 442 Vitruvium
722 390 750 442 et
763 387 932 442 Athenaeum
951 385 1147 441 mechanicum.
1186 385 1247 444 287

89 571 154 630 tur:
176 563 350 647 praecipue
365 561 606 628 animadvertas
621 560 704 626 illud
716 559 875 626 Athenaei
889 550 1110 642 ‘menaopn',
1127 558 1169 625 de
1184 579 1247 643 que

88 665 176 750 apud
197 665 379 731 Vitruvium
402 663 583 730 accuratius
606 662 789 745 expositum
813 667 871 729 est.
917 660 1109 746 corruptela
1131 669 1247 743 tamen,

90 787 153 851 qua
180 767 306 833 laborat
334 765 468 832 verbnm
487 756 724 850 (ὑπότροχον,
755 769 860 828 utrum
884 761 1053 830 Athenaeo
1075 765 1183 847 potius
1206 783 1248 828 an

88 869 219 935 librario
250 867 422 933 tribuenda
447 867 505 949 sit,
535 866 709 933 decernere
731 885 794 930 non
817 864 933 930 audeo.
979 865 1128 932 Ceterum
1151 867 1248 932 etiam

89 970 250 1038 excidisse
279 975 416 1052 apparet
444 975 500 1035 aut
527 975 603 1034 ante
633 973 689 1033 aut
714 973 788 1050 post
807 959 975 1052 ‘ircosque'
1002 968 1091 1033 alind
1115 968 1248 1034 verbum

89 1073 142 1137 vel
164 1072 299 1138 fortasse
323 1073 426 1154 plura.

172 1173 346 1240 Difficilior
362 1177 411 1238 est
425 1171 467 1237 ad
485 1171 730 1237 diiudicandum
755 1171 807 1236 hic
830 1172 936 1237 locus:
961 1171 1010 1238 De
1033 1171 1247 1239 testudinibus

85 1267 182 1357 ‘quae
210 1274 254 1340 ad
283 1274 523 1357 congestionem
548 1271 706 1340 fossarum
729 1263 896 1356 parautnr'
923 1279 1059 1356 uterque
1080 1274 1248 1358 disputans

87 1377 162 1443 basi
185 1376 349 1459 descripta
371 1377 418 1442 sic
439 1375 560 1458 pergit:

226 1530 394 1611 vitaeve,
421 1530 501 1591 1-o
794 1524 910 1592 Athen.
927 1548 958 1612 p.
978 1531 1026 1610 ro,
1044 1491 1148 1592 s-‘rr

88 1647 207 1714 distcnt
258 1654 365 1713 autem
409 1646 642 1713 transversaria
697 1641 872 1730 διάταγμα
883 1638 1182 1728 ἕκαστονᾶντεχέτω
1191 1644 1249 1710 δύο

88 1749 169 1815 inter
203 1769 239 1816 sc
270 1748 396 1817 circiter
430 1747 514 1832 pcdc
548 1753 580 1814 ct
617 1745 640 1812 S
697 1745 878 1832 νσήχειςκαὶ
888 1746 1079 1836 παλαιστὴν
1088 1747 1154 1814 ἕνα.
1163 1749 1247 1830 λαμ-

88 1850 200 1935 (pedes
228 1850 329 1938 treci)
356 1854 640 1934 supponanturque
695 1847 791 1931 βάντι
820 1847 856 1914 δὲ
886 1846 1101 1932 incitandae
1129 1847 1249 1936 ἑκάστη

87 1955 118 2018 in
146 1953 284 2038 singulis
317 1951 495 2018 intervallis
530 1970 639 2017 corum
693 1948 787 2034 χώρα
812 1949 986 2034 τεσσάρων
1016 1954 1083 2017 τῶν
1113 1950 1147 2017 ἐν
1174 1964 1249 2028 ταῖς

86 2055 278 2123 arbusculae
306 2073 389 2137 quae
412 2072 528 2137 graece
553 2045 639 2133 ἁμα·
696 2058 844 2137 γωνίαις,
869 2050 903 2118 ἐν
919 2051 969 2132 οἷς
990 2056 1194 2138 στρέφονται
1216 2053 1249 2118 οἱ

88 2154 233 2234 §obodae
262 2157 427 2239 dicuntur,
462 2155 494 2219 in
524 2155 639 2238 quibus
694 2157 760 2222 τῶν
782 2157 908 2238 τροχῶν
931 2149 1046 2232 α’ξονες
1070 2148 1250 2222 ἀποκλειό-

87 2266 256 2326 versantnr
284 2265 425 2324 rotarum
455 2277 534 2324 axes
566 2276 640 2322 eon·
694 2282 791 2340 μενοι
815 2255 972 2334 σπάθαις
995 2255 1157 2344 σιδηροῖς,

89 2363 168 2429 clusi
191 2361 311 2428 lamnis
333 2359 456 2427 ferreis.

86 2483 207 2546 cacque
255 2461 447 2528 arbusculae
491 2461 537 2526 ita
581 2461 644 2526 sint
698 2459 775 2540 ἵνα,
805 2451 887 2526 ὅταν
916 2460 972 2547 δέη
1003 2460 1250 2544 cacodemones

86 2570 287 2651 temperatae
315 2570 350 2629 nt
376 2563 517 2629 habeant
539 2561 642 2628 cardi·
699 2560 911 2648 προάγοντας
963 2565 1147 2641 (τουτέστιν
1203 2562 1251 2640 εἰς

87 2687 142 2733 nes
177 2673 210 2734 et
244 2665 403 2734 foramina
437 2683 501 2747 quo
532 2671 643 2731 vectes
697 2660 940 2788 τοῦμπρρσθεν
975 2661 1107 2729 πλατον
1142 2663 1249 2731 τόπον

88 2769 214 2836 traiecti
229 2767 430 2834 versationes
454 2786 563 2832 carum
586 2786 642 2832 cx·
697 2792 810 2834 αοιειν
829 2793 849 2852 η
872 2765 927 2831 καὶ
952 2761 1079 2848 ομαλὸν
1102 2763 1188 2850 πρὸς
1211 2765 1249 2833 τὸ

89 2867 232 2954 pediant,
257 2870 303 2934 uti
318 2876 393 2935 ante
409 2874 530 2952 etpost
545 2874 577 2934 et
598 2867 642 2934 ad
699 2855 939 2956 πολεμῆσαι)”
918 2894 937 2952 η
950 2893 1003 2934 και
995 2870 1251 2992 παρατιθέναι

91 2973 169 3040 dext
156 2980 241 3039 trum
271 2990 328 3038 seu
363 2971 525 3036 sinistrum
558 2971 642 3036 latus
698 2968 774 3037 τινὰ
789 2968 1020 3058 μηχανήματα,
1045 2967 1138 3056 ἒξῆ’
1125 2970 1250 3036 crend-

91 3075 159 3140 sivc
182 3074 315 3156 oblique
338 3072 380 3137 ad
403 3072 539 3155 angulos
562 3092 643 3156 opus
700 3096 806 3139 σαντα
836 3095 914 3149 τους
942 3069 1081 3192 τροχοὺς
1102 3097 1186 3155 μετα
1210 3070 1248 3139 τὸ

89 3173 199 3259 fucrit,
229 3175 273 3241 ad
301 3173 335 3239 id
356 3193 423 3257 per
455 3174 643 3240 arbusculas
700 3170 904 3242 ἀποκλεῖσαι
925 3171 1003 3250 τούς
1027 3167 1158 3253 αξονας.

89 3283 234 3343 versatas
257 3274 412 3359 progredi
434 3276 545 3358 possit.

173 3411 255 3479 Cum
277 3412 370 3477 initio
394 3412 489 3478 ambo
512 3413 595 3480 inter
617 3432 653 3480 se
676 3415 864 3496 concinant,
894 3432 977 3496 quae
1000 3411 1076 3478 inde
1098 3432 1119 3478 a
1141 3413 1250 3480 verbis

87 3504 226 3596 ‘eaeque
249 3507 455 3582 arbusculao’
480 3514 567 3599 epod
584 3514 766 3580 Vitruvium
789 3521 981 3598 sequnntur,
1007 3519 1179 3598 tantopere
1207 3515 1249 3581 ab

90 3613 259 3681 Athenaeo
276 3614 456 3696 discedunt,
479 3622 514 3682 ut
528 3637 603 3682 num
620 3617 751 3682 omniuo
774 3617 858 3682 inter
880 3621 1050 3699 utrumqne
1072 3615 1251 3683 intercedat

90 3717 296 3784 necessitudo
325 3718 424 3784 liceat
453 3716 610 3785 dubitare.
656 3718 705 3784 Ac
733 3716 913 3784 Rochasins
943 3716 1072 3800 quidem
1102 3718 1123 3784 l.
1140 3719 1161 3782 l.
1178 3737 1250 3785 earu

92 3835 164 3884 esse
179 3820 314 3902 negavit
329 3820 517 3903 censuitque
530 3819 710 3884 Vitruvium
727 3839 784 3885 suo
800 3819 902 3885 Marte
917 3838 938 3884 a
952 3820 1040 3886 iente
1063 3817 1251 3887 discessisse

91 3926 123 3984 et
138 3920 420 4003 machinationem,
438 3940 522 4005 qnae
538 3922 607 3986 eius
623 3927 731 3987 aetate
745 3921 864 3986 usitata
878 3920 1002 4004 inisset,
1023 3919 1248 4005 descripsisse;

90 4018 128 4085 ef.
145 4023 247 4104 ipsius
271 4023 371 4090 verba
393 4043 424 4106 p.
443 4025 503 4089 789
527 4022 601 4088 adn.
625 4022 656 4088 I:
676 4015 738 4088 ‘La
753 4021 951 4105 description
974 4021 1016 4088 de
1039 4021 1172 4090 Vitruve
1195 4025 1250 4106 qni

90 4142 124 4187 ee
153 4131 305 4208 rapporte
334 4129 355 4189 a
384 4143 421 4191 ce
451 4143 592 4207 passage
625 4122 707 4190 n’est
735 4125 828 4208 point
850 4123 949 4190 claire
973 4129 1004 4190 et
1027 4142 1066 4190 ne
1091 4123 1249 4191 concorde
