3318 4970
476 395 517 450 De
534 396 638 465 legione
655 396 838 454 Romanorum
856 399 878 452 1.
896 397 1048 455 Adiutrice.
1302 403 1342 462 53

270 567 315 632 At
336 569 511 655 seleuco,
535 571 622 654 quod
639 573 879 655 exspectatione
895 570 1032 638 celerius
1048 570 1165 639 seditio
1185 576 1344 644 exstincta

185 676 247 750 est,
279 670 479 754 intellegitur
500 674 642 757 Appium
670 675 857 740 Norbanum
885 693 927 741 ex
956 675 1234 758 longinquioribus
1262 678 1344 746 locis

187 772 380 840 seditionem
404 776 654 859 compositurum
676 777 815 844 venisse.
858 777 928 842 Iam
950 795 1028 842 vero
1050 796 1159 843 mense
1180 778 1265 846 Nor.
1287 786 1343 846 aut

184 876 264 942 Deo.
286 876 363 941 anni
385 877 425 940 88
440 875 463 958 ¹)
485 877 603 944 seditio
625 884 695 945 orta
717 885 775 963 est,
799 879 853 944 die
876 881 927 943 25.
942 898 1041 946 mens.
1064 879 1132 944 Ian.
1156 888 1287 949 senatus
1308 884 1342 950 in

185 977 349 1061 Capitolio
371 979 623 1063 supplicationes
646 979 760 1047 habuit
781 987 814 1046 et
834 987 965 1064 postero
987 980 1041 1048 die
1061 981 1190 1050 Fratres
1205 985 1343 1052 Arvales

185 1081 249 1158 ,ob
271 1081 427 1147 laetitiam
449 1082 633 1164 publieam“
655 1084 726 1150 Iovi
749 1084 867 1150 bovem
888 1084 1182 1163 immolaverunt.²)
1218 1085 1342 1164 Quodsi

185 1183 487 1266 computaverimus,
522 1191 675 1267 quantum
703 1186 909 1252 intervallum
941 1186 1024 1251 inter
1044 1186 1282 1270 Mogontiacum
1310 1195 1343 1256 et

185 1287 321 1351 Romam
344 1285 561 1352 intermissum
577 1286 684 1354 hieme
700 1288 933 1354 conficiendum
948 1288 1054 1370 fuerit,
1077 1290 1222 1355 nuntium
1237 1291 1342 1358 minus

186 1387 299 1456 decem
311 1386 426 1453 diebus
438 1388 571 1454 Romam
584 1409 770 1472 percurrere
782 1410 845 1456 non
857 1391 1002 1474 potuisse
1014 1390 1237 1473 concedemus,
1249 1412 1342 1475 prae·

185 1490 295 1556 sertim
311 1508 384 1555 oum
398 1489 498 1569 Alpes
514 1492 686 1558 obstarent.
723 1491 819 1560 Unde
835 1491 980 1575 efficitur,
1004 1492 1128 1575 proelio
1144 1493 1342 1560 decertatum

186 1611 257 1658 esse
287 1591 340 1657 die
365 1596 414 1656 15.
444 1612 543 1659 mens.
572 1595 640 1660 Ian.
670 1595 724 1660 vel
756 1595 870 1678 paucis
903 1594 1018 1661 diebus
1050 1601 1135 1661 ante.
1179 1596 1342 1680 Exiguum

185 1693 294 1760 herulo
327 1700 454 1778 tempus
483 1696 605 1779 ingenti
634 1697 681 1762 rei
710 1697 889 1780 gerendael
923 1697 986 1761 Vix
1018 1696 1136 1764 seditio
1169 1697 1340 1779 oriebatur,

187 1816 260 1863 cum
282 1795 454 1863 Norbanus
475 1797 650 1865 Antonium
672 1799 802 1865 devicit.
839 1798 1009 1878 Quomodo
1031 1805 1139 1866 autem
1162 1805 1228 1866 tam
1252 1801 1342 1868 brevi

186 1906 331 1981 tempore
353 1899 535 1966 intermisso
557 1902 700 1984 legatum
715 1903 902 1968 Pannoniae
924 1921 996 1967 cum
1017 1902 1130 1985 copiis,
1152 1903 1342 1986 praesertim

186 1999 296 2066 media
317 1998 435 2082 hieme,
464 2002 595 2085 longam
617 2003 703 2070 viam
726 2023 827 2087 nsque
849 2003 892 2069 ad
914 2003 1019 2070 Rheni
1047 2005 1134 2087 ripas
1164 2005 1342 2072 coniecisse

185 2101 305 2185 putas?
338 2102 471 2169 Minime
499 2104 597 2187 igitur
625 2106 770 2188 legiones
798 2106 1001 2172 Pannonicas
1030 2112 1140 2173 contra
1166 2105 1342 2172 Antonium

185 2203 346 2287 profectas
369 2223 441 2271 esse
464 2207 608 2289 cogitare
630 2208 716 2274 licet.

272 2304 487 2373 Difficultates
510 2315 618 2375 autem
640 2311 775 2377 fortasse
797 2309 1021 2393 expediuntur,
1044 2311 1072 2375 si
1094 2315 1190 2375 antea
1211 2311 1341 2376 inverti-

187 2409 381 2491 gaverimus,
404 2409 438 2474 in
462 2428 525 2492 quo
547 2408 703 2477 honorum
723 2410 825 2494 gruum
841 2417 907 2476 tum
923 2409 1049 2494 Appius
1064 2409 1234 2492 Maximus,
1254 2404 1341 2477 ‘con-

185 2509 287 2576 leotor
315 2509 393 2575 belli
416 2503 628 2596 Germanici’,
656 2513 761 2578 luerit.
805 2512 947 2578 Primum
980 2510 1110 2593 quidem
1139 2531 1212 2578 oum
1241 2518 1342 2580 totum

188 2630 315 2678 cursum
339 2609 495 2678 honorum
520 2614 706 2680 examinare
721 2633 918 2697 nequeamus
929 2615 962 2694 ³),
986 2611 1071 2695 quod
1087 2613 1272 2682 notissimus
1286 2616 1342 2682 ille

186 2713 297 2778 titulus
326 2713 428 2796 Appii
457 2713 524 2791 (VI.
550 2717 631 2779 1347
655 2715 694 2780 cl.
718 2735 753 2798 p..
774 2719 811 2779 51
837 2715 910 2780 adn.
935 2712 968 2796 2)
997 2714 1162 2782 mutilatus
1190 2723 1248 2798 est,
1278 2735 1341 2799 quo

186 2834 270 2880 anno
292 2815 431 2898 primum
455 2820 488 2881 et
510 2834 573 2898 quo
596 2818 711 2882 iterum
741 2818 908 2884 consulatu
937 2818 1063 2883 iunctus
1092 2817 1143 2900 sit,
1172 2817 1341 2885 nescimus.

186 2917 270 2981 Tum
293 2923 326 2982 et
347 2917 381 2981 in
397 2916 500 2982 Dacia
519 2923 552 2982 et
566 2917 600 2982 in
614 2917 748 2984 Parthia
763 2920 919 2985 exercitui
935 2939 1008 2985 eum
1023 2919 1203 3002 praefuisse
1218 2927 1343 2989 constat

187 3017 233 3096 (Ο.
250 3018 315 3082 Dio
339 3019 390 3101 68,
414 3020 433 3080 9
457 3025 489 3084 et
511 3023 584 3096 30.).
622 3019 750 3086 Deinde
764 3022 894 3103 tegulae
916 3023 986 3088 eius
1006 3021 1136 3086 nomine
1158 3021 1342 3104 insignitae,

186 3139 266 3202 quas
296 3140 394 3203 supra
422 3121 486 3185 iam
513 3122 689 3203 attulimus,
718 3122 807 3206 apud
835 3122 999 3207 oppidum,
1023 3121 1109 3206 quod
1131 3142 1216 3188 nunc
1237 3120 1342 3205 Dijon

187 3227 329 3304 vocatur,
358 3241 462 3305 prope
483 3221 563 3288 fines
586 3222 779 3290 Germaniae
808 3226 904 3291 situm
933 3231 1080 3308 repertae
1103 3229 1191 3289 sunt:
1226 3223 1337 3290 LEG-

188 3321 282 3388 v111·
293 3322 383 3390 Ave
394 3356 400 3368 ·
413 3323 439 3386 1.
450 3356 456 3368 ·
468 3323 597 3391 APPIO
610 3357 615 3370 ·
626 3325 722 3391 LEG.
756 3324 880 3404 Quibus
894 3326 928 3392 in
943 3327 1070 3409 tegulis,
1087 3324 1166 3408 quid
1181 3323 1341 3407 significet

186 3424 414 3509 compendium
437 3424 523 3491 Lae
544 3427 667 3492 nomini
688 3427 797 3511 Appio
819 3430 1043 3512 postpositum,
1067 3426 1239 3509 quaeritur.

275 3527 417 3592 Primum
432 3526 575 3609 legatum
588 3547 663 3594 eum
678 3531 852 3613 appellant,
868 3531 924 3613 qui
940 3528 1127 3613 provinciae
1138 3528 1341 3612 praepositus

188 3635 252 3712 est;
282 3635 349 3694 tum
378 3629 505 3712 legatus
534 3630 562 3696 is
591 3637 739 3714 vocatur,
775 3631 830 3715 qui
858 3632 980 3715 legioni
1008 3634 1146 3714 praeest.
1190 3627 1341 3707 Quando·

188 3730 448 3860 ΨΜ
471 3730 534 3797 hae
557 3733 685 3814 tegulae
705 3734 868 3816 alegione
884 3738 994 3800 coctae
1010 3735 1092 3813 snut,
1115 3730 1341 3816 compendium

276 3901 301 3961 1)
320 3895 356 3950 ct'.
376 3897 459 3966 Gsell,
473 3891 624 3966 ‘Melanges
642 3899 745 3955 d'arcb.
763 3905 791 3954 et
808 3899 899 3955 d'hist.
917 3897 965 3952 IX.
985 3901 1073 3964 (1889)
1090 3914 1118 3966 p.
1136 3900 1220 3966 9sqq.

274 3984 301 4046 2)
318 3981 391 4034 Acta
407 3981 443 4037 fr.
461 3983 526 4038 Ars.
545 3981 586 4040 ed.
603 3982 715 4038 Henaen
732 4001 758 4054 p.
777 3983 886 4038 CXXII.
906 3983 942 4037 cf.
960 3984 1050 4052 Bergk
1067 3984 1086 4038 l.
1104 3983 1122 4038 l.
1140 3998 1167 4051 p.
1186 3985 1229 4036 64.

273 4070 299 4130 3)
318 4065 415 4120 Omnia
441 4067 475 4121 de
498 4067 552 4122 hoc
573 4067 631 4124 viro
657 4069 811 4124 testimonia
834 4066 1035 4136 diligentissime
1058 4067 1208 4136 composita
1224 4066 1342 4123 invenies

185 4151 261 4219 apud
281 4150 431 4206 Liebenam
444 4146 735 4222 ‘Vernaltungsgesob
754 4154 801 4208 des
818 4153 897 4208 Rom.
915 4147 1111 4208 Kaiserreiohs'
1129 4167 1156 4220 p.
1176 4155 1234 4209 330.
