3170 4984
279 393 321 448 De
339 391 462 450 lontibus
480 393 606 464 Dionysii
622 391 875 450 Halicarnassensis
893 393 1066 462 quaestiones
1083 393 1184 451 000100.
1249 393 1311 454 239

146 587 235 634 0000
258 567 421 647 (2451507)
444 567 628 650 evenerint,
658 587 721 634 non
744 570 848 636 solum
877 567 959 636 duas
987 567 1168 650 legationes
1190 589 1212 634 a
1233 568 1311 635 Por·

148 687 253 736 senna
274 669 411 734 Romam
439 669 555 736 missas
583 670 770 753 bellumque
798 669 954 738 indietnm
983 689 1055 738 esse
1083 669 1182 736 tradit
1208 690 1312 754 eaque

149 769 281 836 demum
296 789 332 836 re
347 771 510 837 Romanos
529 777 705 838 commotos
721 791 804 854 esse,
827 779 862 838 nt
877 773 913 840 Ρ.
929 771 1094 838 Valerium
1110 772 1313 842 Publicolam
1441 781 1443 784 ’

147 873 264 938 iterum
287 873 452 938 consulem
481 873 515 938 in
543 873 767 956 insequentem
789 893 909 940 annum
932 879 1094 956 ornarent,
1124 873 1187 948 sed,
1213 875 1311 942 etiam

147 993 221 1040 oum
250 973 395 1040 exercitu
417 974 616 1041 Porsennam
645 976 711 1042 iam
733 976 800 1052 ,illo
830 975 903 1059 ipso
925 995 1011 1042 anno
1033 977 1112 1044 faoit
1133 976 1177 1042 ad
1199 977 1313 1045 urbem

146 1073 358 1142 aeoedentem
380 1075 477 1152 (Plut.
503 1079 556 1159 16,
581 1080 654 1160 200,
678 1079 784 1154 2-6).
828 1076 936 1162 Atque
958 1079 1084 1161 legatos
1106 1099 1127 1144 a
1148 1079 1315 1146 Porsenna

147 1177 284 1244 Romam
314 1177 430 1244 missos
460 1196 531 1244 esse
560 1173 594 1244 ἐν
620 1177 908 1262 adaequandum
936 1176 1079 1264 ἐνιαυτῷ
1107 1181 1128 1248 1.
1152 1200 1180 1247 0.
1209 1181 1312 1248 altero

146 1280 271 1348 liberae
286 1279 497 1363 reipublicae
510 1281 661 1361 (2461508
676 1302 740 1348 000
750 1303 781 1350 0.
794 1282 932 1362 2451500
949 1289 983 1350 ut
994 1282 1187 1352 Plutarchus
1202 1283 1312 1361 tradit)

148 1382 246 1450 etiam
269 1381 447 1464 Dionysius
471 1381 806 1452 V21oommemorat.
843 1384 908 1452 Cur
929 1405 994 1452 non
1016 1403 1085 1452 renr
1100 1385 1233 1454 adeum
1256 1406 1312 1454 an·

145 1503 234 1566 num,
258 1501 323 1566 quo
345 1483 465 1550 laetam
489 1503 561 1552 esse
583 1485 679 1568 dieit,
710 1487 807 1554 etiam
835 1487 989 1554 enarrat?
1021 1485 1117 1565 Quod
1146 1489 1312 1556 nonsatis

146 1603 279 1668 possum
295 1585 415 1669 mirari,
440 1587 593 1669 quoniam
615 1587 737 1654 nullius
751 1588 917 1656 annalium
933 1589 1098 1672 seripturis
1122 1591 1169 1660 ita
1184 1591 1313 1660 videtur

145 1687 313 1770 proprium
335 1685 434 1754 luisse
458 1707 555 1770 quam
578 1689 664 1772 eins,
694 1690 750 1772 qni
773 1691 924 1774 Dionysii
951 1693 1167 1760 narrationem
1194 1714 1313 1778 magna

145 1795 216 1854 arte
233 1793 265 1855 et
280 1807 381 1872 opera
396 1791 586 1874 composuit,
609 1810 661 1858 res
682 1793 776 1875 qnasi
791 1793 970 1879 antioipare
986 1799 1019 1860 et
1041 1793 1188 1862 homines
1210 1796 1311 1864 multo

144 1891 236 1975 prius
258 1890 428 1974 indnoere,
459 1911 555 1976 quam
578 1894 712 1976 vulgata
741 1894 897 1962 memoria
922 1894 1127 1964 indurantur.
1172 1897 1270 1966 Velut
1291 1917 1312 1966 a

145 1992 242 2060 Livio
258 1993 364 2076 (1115,
383 1996 435 2072 18)
451 1995 560 2062 latini
576 2001 608 2062 et
624 1993 780 2064 Octavius
795 1995 968 2081 Mamilius,
985 1998 1154 2082 Tarquinii
1171 1999 1311 2086 Superbi

144 2113 262 2178 gener,
291 2115 356 2162 non
385 2097 475 2180 prins
505 2117 602 2181 quam
628 2098 716 2166 bello
739 2096 925 2166 Porsennae
947 2100 1094 2170 eonfeoto
1118 2121 1311 2170 commemo-

144 2204 273 2266 rantur:
302 2197 480 2283 Dionysius
502 2199 544 2278 (V
559 2202 611 2281 21,
628 2202 660 2278 2)
683 2219 739 2266 000
768 2200 834 2268 inm
857 2219 930 2268 oum
951 2201 1119 2272 Porsenna
1141 2203 1311 2286 Tarquinii

145 2300 253 2368 sooios
275 2298 376 2368 fuisse
398 2300 513 2384 tradit,
537 2300 593 2385 Sp.
615 2301 752 2370 Larcius
775 2307 808 2367 et
829 2302 867 2368 T.
883 2302 1069 2372 Herminius
1091 2325 1113 2372 a
1134 2302 1309 2374 Plutaroho

143 2402 252 2481 (Publ.
271 2404 324 2480 10)
345 2409 378 2468 01
391 2402 488 2470 11010
511 2403 555 2482 (ΙΙ
573 2405 625 2482 10)
646 2423 711 2470 000
726 2403 815 2487 prius
831 2422 929 2486 quam
945 2424 1018 2472 eum
1033 2406 1170 2474 Horatio
1186 2406 1310 2476 (1001110

144 2509 277 2588 pontem
300 2504 472 2572 sublioinm
495 2501 707 2572 defendentes
730 2504 923 2572 induountur
946 2509 1000 2583 (---
1023 2507 1118 2575 Dion.
1143 2509 1171 2574 V
1194 2511 1245 2592 23,
1262 2510 1310 2587 2);

145 2607 324 2691 Dionysius
340 2606 380 2682 (V
396 2609 448 2690 22,
465 2609 497 2682 5)
522 2627 577 2676 000
600 2608 634 2674 10
655 2608 728 2692 ipsa
749 2627 860 2691 pugna
873 2613 970 2676 antea
984 2613 1158 2678 oommissa
1173 2610 1309 2680 dexteru

144 2709 363 2778 Romanorum
381 2729 479 2776 oornu
494 2707 658 2794 praefluit,
682 2710 868 2778 Porsennae
890 2712 1097 2796 postulatum,
1120 2720 1156 2780 ut
1170 2713 1310 2782 Romani

144 2811 276 2894 regibus
292 2811 438 2894 expulsis
453 2811 540 2878 bona
553 2812 646 2894 regia
660 2813 875 2897 restituerent,
898 2813 1020 2880 ideireo
1037 2814 1178 2882 vidimus
1200 2814 1309 2884 fiotum

145 2931 228 2996 esse,
251 2919 286 2980 nt
301 2933 321 2978 a
335 2914 457 2996 populo
473 2913 698 2998 repudiaretur
713 2915 765 2994 (ol.
782 2914 878 2982 Dion.
895 2915 922 2980 V
939 2918 1008 2990 32);
1030 2917 1132 2984 multo
1155 2918 1221 2984 iarn
1235 2924 1310 2986 ante

144 3015 253 3093 (Dion.
273 3015 302 3080 V
325 3017 376 3098 21,
402 3018 433 3094 1)
455 3014 497 3084 de
520 3035 559 3082 00
582 3015 742 3084 audimus.
785 3015 894 3096 Quare
916 3037 980 3086 non
1003 3018 1132 3100 dubito,
1156 3020 1235 3102 quin
1258 3019 1312 3088 hio

143 3117 282 3200 seriptor
297 3117 394 3184 etiam
410 3117 579 3200 Tarquinii
600 3117 645 3186 ad
660 3118 856 3188 Porsennam
878 3119 990 3206 fugam
1013 3125 1045 3186 et
1060 3121 1244 3191 Porsennae
1266 3120 1311 3188 ad

143 3219 308 3288 Romanos
337 3219 533 3302 legationem
561 3221 741 3288 oonsnlatni
769 3221 805 3286 P.
823 3221 945 3288 Valerii
973 3228 1007 3292 et
1029 3222 1067 3288 Τ.
1084 3223 1227 3292 Lueretii
1252 3222 1310 3292 ad·
1341 3273 1346 3286 .

143 3340 286 3388 nexuras
308 3320 413 3403 luerit,
436 3321 464 3387 si
487 3319 572 3388 huno
595 3323 795 3392 consulatum
818 3324 947 3392 omnino
971 3322 1148 3391 habuisset.

231 3423 375 3506 Itaque
398 3443 483 3490 meo
506 3421 682 3506 indioiu,
705 3430 747 3492 nt
766 3444 847 3490 rem
863 3446 978 3510 quam
994 3427 1310 3496 accuratissima

142 3530 348 3610 repetam,
378 3525 412 3592 10
434 3530 581 3592 auotor
603 3525 824 3607 Romanus,
855 3529 923 3611 qni
945 3529 1050 3598 belli
1073 3528 1311 3598 Porsennae

144 3632 314 3709 eventa,
345 3627 590 3710 scriptorem
619 3629 761 3696 neseio
784 3648 898 3712 quern
929 3630 1310 3700 0000100000000-

144 3749 218 3798 nos
242 3727 335 3796 huie
358 3729 473 3799 bello
496 3729 766 3813 tribuentem,
796 3731 835 3796 10
858 3751 976 3800 unum
1000 3751 1142 3800 annum
1166 3751 1310 3802 rursus

143 3831 374 3912 coartavit,
404 3832 618 3900 oonsnlatu
641 3831 803 3900 Valerii
825 3840 866 3900 et
888 3833 1073 3906 Lueretii
1095 3855 1172 3904 non
1194 3834 1310 3903 edito

146 3933 368 4004 memoriae
384 3933 787 4016 prodiditRomanos
802 3933 1018 4006 P.Valerio
1036 3943 1076 4003 et
1090 3937 1133 4004 ll.
1146 3937 1309 4006 Horatio

144 4034 393 4106 oonsulibus
422 4033 555 4098 altero
578 4036 645 4104 lib.
668 4036 728 4102 rei
757 4037 866 4121 publ.
889 4057 997 4106 anno
1020 4040 1127 4118 (24017
1143 4037 1309 4118 π50817)

145 4157 230 4204 oum
255 4136 464 4203 Porsenna
486 4137 639 4204 bellum
662 4139 855 4220 gessisse.
