3198 4974
277 395 319 450 De
336 393 459 450 lontibus
478 394 604 466 Dionysii
621 394 872 452 Halicarnassensis
890 361 1065 466 quaestiones
1081 396 1182 452 narba
1255 395 1316 454 169

146 567 338 651 suspicatur,
362 566 422 634 sed
436 567 530 633 addit
547 568 675 635 Licinio
690 575 821 636 anctore
842 568 1034 636 dictaturam
1057 569 1101 634 ad
1116 569 1316 636 Albanorum

146 669 332 752 exemplum
367 687 439 735 esse
472 669 661 736 institutam.
716 671 832 754 Neque
865 670 907 738 de
941 670 1002 738 hoe
1035 671 1108 738 loeo
1142 671 1313 755 quisquam

145 770 295 856 negabit,
319 771 472 854 quoniam
500 771 589 854 prior
617 771 675 838 illa
697 775 883 840 coniectura
903 779 1016 857 aperte
1039 773 1190 858 Dionysii
1211 773 1316 856 ipsius

145 880 206 956 est,
229 873 300 938 veri
323 891 395 940 esse
417 873 617 940 simillimum
639 873 800 940 Licinium
822 875 968 942 Macrum
990 875 1024 940 in
1046 874 1108 941 bae
1130 895 1195 942 una
1215 895 1251 941 re
1272 875 1315 941 ab

146 994 187 1041 eo
215 981 359 1059 spretum
382 975 570 1058 ceteroquin
599 973 713 1042 horum
740 977 883 1060 capitum
911 977 1111 1043 narrationes
1134 977 1165 1043 ei
1193 995 1315 1062 suppe-

145 1075 286 1160 ditasse;
309 1095 560 1160 quemquamne
576 1075 630 1142 hic
645 1077 777 1159 quidem
792 1077 993 1145 reticendum
1008 1077 1124 1164 eapitis
1141 1082 1191 1146 73.
1221 1079 1315 1145 initio

145 1178 211 1245 duo
234 1177 276 1244 de
306 1177 472 1244 dictatoris
500 1179 630 1245 nomine
652 1177 849 1263 veriloqnia,
872 1180 964 1246 velut
988 1198 1008 1246 e
1036 1180 1175 1246 diversis
1203 1185 1313 1247 aucto·

145 1281 235 1346 ribus
250 1279 453 1363 deprompta,
476 1280 623 1362 proferri,
639 1288 674 1346 ut
688 1289 854 1366 appareat,
871 1282 956 1348 ultra
970 1283 1049 1349 satis
1063 1287 1219 1365 angustos
1233 1279 1315 1349 fines

145 1383 227 1448 talia
237 1387 404 1448 auctorum
418 1381 550 1466 indicia,
568 1383 764 1468 exipsorum
776 1383 927 1450 nimirum
938 1385 1120 1451 nominibus
1133 1383 1313 1468 desumpta,

145 1503 211 1550 non
233 1483 354 1550 valere.

232 1584 300 1652 Sed
322 1591 394 1651 utut
414 1586 448 1649 in
470 1586 607 1669 singulis
623 1586 785 1670 certisque
806 1587 887 1654 loeis
910 1607 962 1654 res
985 1607 1020 1654 se
1037 1587 1146 1670 habet,
1169 1587 1203 1652 id
1226 1593 1313 1654 certe

146 1687 1313 1756 iamlaudatisauetorumnominibusdiscimus:LiciniumMacrum

144 1789 350 1874 Dionysio
379 1787 486 1854 haud
514 1791 632 1872 parvi
661 1791 919 1856 aestimatum
942 1791 1093 1874 inisse,
1122 1793 1240 1859 immo
1270 1793 1312 1858 in

146 1893 207 1958 eis
229 1890 369 1957 videri
390 1891 680 1956 numerandum
704 1911 812 1976 esse,
843 1911 943 1976 quos
966 1895 1227 1976 potissimum
1249 1913 1312 1960 se·

146 2000 267 2060 entus
288 1995 351 2061 sit.
389 1994 439 2060 Ac
460 1995 605 2077 protecto
628 1992 691 2060 boc
706 1993 804 2078 idem,
828 1994 914 2078 quod
929 1997 983 2061 vel
999 2013 1042 2061 ex
1057 1997 1128 2080 ipso
1145 1997 1314 2080 prooemio

146 2095 296 2163 concludi
324 2113 422 2180 posse
451 2095 581 2180 quidam
606 2101 735 2180 putant,
757 2097 821 2163 viri
849 2096 937 2162 docti
965 2117 1039 2164 oum
1061 2095 1161 2164 variis
1183 2095 1314 2165 indiciis

145 2197 304 2265 adhibitis
331 2206 437 2265 certas
459 2197 618 2281 quasdam
640 2199 866 2282 antiquitatum
893 2206 1002 2282 partes
1024 2200 1151 2266 Licinio
1173 2199 1312 2266 ascribe·

146 2307 228 2384 rent,
252 2301 351 2367 etiam
372 2301 603 2384 comprobasse
625 2301 688 2366 sibi
710 2301 774 2367 visi
800 2307 883 2366 sunt.
929 2299 996 2366 Sed
1018 2319 1143 2383 vereor,
1165 2319 1207 2367 ne
1229 2319 1315 2368 cam·

146 2421 226 2486 pum
249 2403 333 2470 insto
356 2403 505 2470 latiorem
528 2401 604 2468 huie
625 2403 790 2468 annalium
812 2402 962 2484 scriptori
984 2403 1132 2486 plerique
1154 2401 1313 2468 dederint.

235 2505 304 2571 Iam
326 2505 570 2588 exspectaveris
592 2505 729 2571 tortasse
751 2509 942 2587 argumenta
963 2504 1022 2570 illa
1043 2511 1149 2570 tecum
1172 2523 1224 2570 me
1242 2521 1314 2570 esse

147 2607 417 2690 perlustraturum
445 2623 759 2691 perpessurumque,
789 2606 907 2688 quibus
935 2607 984 2672 usi
1012 2605 1120 2672 adbuc
1142 2607 1205 2672 viri
1227 2606 1314 2672 docti

148 2709 328 2776 cumatius
350 2716 499 2776 anowres
521 2717 589 2775 tum
611 2709 771 2775 Licinium
794 2711 828 2774 in
850 2708 1001 2791 Dionysii
1023 2709 1114 2774 libris
1136 2725 1314 2792 agnoscere

145 2831 187 2877 ac
208 2810 392 2877 discernere
414 2812 522 2878 conati
544 2819 626 2879 snut.
670 2812 714 2878 At
734 2829 866 2896 prorsus
887 2809 955 2876 alia
976 2812 1032 2877 via
1056 2810 1209 2894 progredi
1231 2808 1313 2876 mibi

146 2913 248 2982 satius
276 2911 414 2979 videtur.
452 2914 565 2980 Liceat
593 2915 691 2998 igitur
720 2915 793 2981 illas
820 2915 1042 2997 quaestiones,
1072 2920 1107 2978 ut
1128 2931 1218 2996 eam,
1249 2927 1314 2995 qua

145 3015 321 3099 quaeritur,
344 3021 450 3080 utrum
474 3034 516 3082 ex
538 3017 782 3099 cognominibus
798 3015 942 3082 Licinius
963 3021 1175 3098 cognoscatur
1198 3031 1311 3097 necne,

147 3117 295 3200 aliasque
318 3116 441 3183 similes
464 3118 609 3201 mittere,
640 3123 674 3184 et
695 3137 781 3186 nunc
802 3117 935 3201 quidem
957 3135 998 3184 ea
1018 3123 1142 3182 tantum
1166 3134 1313 3202 curemus

148 3223 315 3285 auctorum
337 3217 475 3302 indicia,
498 3237 583 3302 quae
604 3237 669 3285 non
692 3217 843 3286 historias
864 3239 886 3285 a
907 3217 1082 3302 Dionysio,
1105 3219 1216 3300 Livio,
1239 3218 1314 3284 aliis

147 3319 285 3386 ondins
315 3321 409 3388 nobis
431 3321 684 3404 disquirentibus
707 3327 741 3387 et
767 3322 851 3387 inter
873 3339 909 3387 se
933 3321 1194 3403 comparantibus
1216 3337 1314 3386 exeu-

147 3419 260 3487 tieuda
274 3428 307 3488 et
327 3422 498 3506 probanda
512 3424 586 3506 sint,
608 3421 667 3488 sed
681 3439 767 3505 quae
782 3421 875 3506 quasi
896 3441 956 3489 sua
970 3431 1085 3507 sponte
1109 3441 1144 3488 se
1166 3424 1313 3491 oderant.

147 3523 240 3589 Haec
254 3529 364 3589 autem
386 3525 415 3592 si
429 3526 718 3608 percensuerimus‚
741 3542 839 3591 unum
855 3531 979 3591 tantum
993 3543 1066 3590 mea
1087 3525 1219 3609 quidem
1241 3543 1312 3593 sen·

147 3625 251 3692 tentia
271 3627 465 3710 remanebit,
494 3645 559 3712 quc
582 3625 670 3694 ducti
699 3625 787 3710 quod
810 3631 932 3692 certum
954 3626 997 3693 sit
1018 3629 1188 3695 enucleare
1209 3629 1312 3712 possi·

146 3746 228 3794 mus.
276 3725 372 3806 Quod
401 3727 574 3812 vestigium
606 3747 691 3796 nunc
725 3746 848 3811 quaeso
881 3745 1007 3795 mecum
1035 3731 1150 3796 ceteris
1184 3732 1313 3798 interim

147 3830 307 3912 neglectis
328 3827 371 3895 ad
393 3830 544 3915 Dionysii
567 3837 714 3898 auctores
737 3829 968 3898 discernendos
990 3831 1158 3900 adhibeas.

629 4053 830 4062 affl
