3134 4986
315 365 377 425 316
749 363 952 420 Μειλειίλίεοσε
971 363 1050 420 Thiel

317 563 399 605 οταν

401 638 459 726 δέη
489 635 812 727 [παροδοποιεῖνήλ]
842 635 1057 724 προάγοντας
1078 636 1246 722 (μνορνεόί
1274 636 1366 718 Vitr.)
1389 634 1481 724 [του-

314 746 426 808 τέστιν
454 739 503 818 είς
531 734 773 826 τούμπροσθεν
801 737 932 806 πλατύν
960 738 1068 806 τόπον
1090 752 1204 808 ποιεῖν
1225 728 1248 827 ἢ
1269 740 1326 806 καὶ
1349 735 1481 824 όμαλδν

317 842 405 932 πρός
419 841 458 911 τὸ
475 843 668 930 πολεμῆσαι
688 830 710 928 ή
731 844 787 909 καλ
811 845 1044 927 παρατιθέναι
1066 839 1143 907 τινὰ
1165 839 1398 930 μηχανήματα]
1424 840 1481 930 ἐξά

317 947 451 1032 (possit)
472 942 745 1032 (έκσπάσανταή
769 947 822 1024 (σει
845 941 1101 1028 ίκβιβάσαντας)
1123 941 1201 1021 τούς
1222 942 1378 1030 τροχοδς>

315 1045 400 1132 μετὰ
415 1045 453 1114 τό
472 1040 709 1128 άποκλεῖσαιή
725 1049 778 1126 (ονε
801 1042 914 1113 διὰτὸ
936 1038 1130 1127 άποκλῖναι)
1148 1043 1227 1124 τοὺς
1245 1040 1367 1124 ἄξονας
1385 1049 1410 1129 †
1429 1053 1480 1125 (ιικ

166 1165 221 1211 Ath.
236 1178 258 1220 p.
273 1166 305 1209 ιν.
321 1145 565 1233 ἆμαξόποδας).
603 1147 669 1234 <ol
692 1146 729 1213 δὲ
750 1149 864 1233 τροχοὶ
878 1145 1039 1233 χίνονΙται
1053 1151 1215 1234 τέσσαρες
1235 1145 1296 1236 τήν
1317 1148 1378 1234 μέν
1404 1147 1480 1215 διά·

318 1275 439 1335 μετρον
461 1248 645 1337 τριπήχεις,
671 1246 709 1315 τδ
734 1248 771 1315 δὲ
792 1248 902 1332 πάχος
923 1248 1097 1332 ποδιαῖοι,
1128 1249 1300 1334 δεδεμένοι
1322 1250 1479 1339 σιδηραῖς

319 1355 436 1420 λεπίσι
458 1348 717 1440 ψυχρήλάταις.)

398 1448 666 1540 Ἐπιζεύγνυνται
701 1451 737 1518 δὲ
770 1451 829 1520 έπλ
861 1451 900 1519 τό
936 1451 1090 1541 έσχάριον
1119 1452 1202 1532 ξύλα
1230 1454 1290 1522 δύο
1319 1453 1479 1540 ἑκατέρας

317 1558 467 1644 πλευρᾶς
480 1553 686 1643 ὑπερέχοντα
700 1547 782 1622 καθ’
802 1553 958 1640 ἑκάτερον
972 1555 1073 1641 μέρος
1088 1559 1148 1623 τού
1162 1551 1288 1644 μήκους
1302 1547 1478 1646 πήχειςῖ

316 1661 396 1746 περὶ
426 1659 463 1726 δὲ
490 1657 553 1736 τὰς
580 1653 749 1743 ὑπεροχὰς
779 1649 887 1723 αύτιῦν
915 1656 1165 1747 περιπήγνυται
1193 1653 1280 1724 άλλα
1310 1658 1368 1726 δύο
1398 1653 1479 1738 ξύλα

315 1759 530 1846 ύπερέχοντα,
554 1758 589 1826 έκ
603 1759 665 1844 μέν
686 1761 747 1825 τοῦ
769 1757 926 1844 πρόσθεν
947 1767 1071 1846 μέρους
1092 1748 1270 1849 πήχεις-ῙῘ
1283 1758 1338 1844 (ἐκ
1361 1760 1399 1827 δὲ
1423 1763 1480 1828 τοι]

316 1858 430 1932 ὀπίσω
454 1862 571 1950 πήχεις
588 1849 653 1949 ἶ)

401 1965 493 2055 πάχη
516 1964 553 2030 δὲ
576 1963 699 2031 ἕκαστα
722 1962 886 2048 λαμβάνει
908 1956 1097 2031 αὐτῶνκαὶ
1119 1961 1231 2051 πλάτη
1254 1961 1297 2030 τὰ
1322 1957 1410 2030 αύτὰ
1433 1966 1480 2050 τῷ

315 2066 468 2154 έσχαρίῳ.
1075 2123 1079 2131 .

349 2258 350 2261 ¹
402 2163 512 2256 Αότηῖ
526 2161 559 2234 τ’
579 2167 803 2256 έσπήχνυνται
818 2170 867 2254 τῷ
883 2165 1027 2256 έσχαρίην
1051 2167 1109 2236 έπλ
1132 2165 1170 2235 τὸ
1195 2169 1360 2235 πλινθίον
1377 2161 1478 2235 οὗτοι]

315 2277 423 2350 κίονες
800 2263 1008 2359 ἑπταπήχεις

403 2476 636 2552 διαλείποντες
652 2465 716 2540 ἄπ’
736 2466 889 2560 άλλήλων
904 2472 1042 2553 ἕκαστος
1058 2477 1168 2561 πῆχυν
1184 2472 1252 2540 ἕνα.
1275 2476 1476 2542 Κατακλείει
1549 2457 1550 2473 ¹

316 2579 352 2646 δέ
375 2573 497 2656 αύτούς
525 2576 640 2644 έπάνω
669 2575 775 2663 κύκλῳ
803 2575 935 2654 πάντας
959 2574 1172 2642 ἐπιστύλιον·
1205 2577 1261 2643 καί
1284 2568 1349 2642 ἄπ’
1378 2569 1477 2642 αὐτοῦ

316 2680 481 2748 συστάται
508 2680 665 2746 ἵστανται
696 2676 744 2756 είς
773 2670 936 2765 ἀλλήλους
966 2676 1186 2764 έξερείδοντες
1207 2676 1268 2763 τήν
1291 2671 1476 2746 ἀνάστασιν
1548 2711 1549 2736 ;

316 2786 377 2850 τοῦ
398 2775 508 2869 ύψους
530 2783 709 2857 ποιοῦντες
731 2765 912 2866 πήχεις-ΙῙ.
953 2772 1028 2847 Ἐπί
1052 2778 1089 2846 δὲ
1111 2781 1178 2846 τῶν
1201 2783 1378 2848 συστατα”ν
1402 2779 1475 2848 ἐπι·

318 2885 488 2972 ζεύγνυται
695 2881 802 2960 δοκός.

406 2987 449 3054 Οἱ
461 2986 498 3054 δέ
510 2977 855 3070 συστάτακάντηρίσι
870 2981 1171 3071 καλ>πλευριόμασι
1189 2982 1474 3069 διαλαμβάνονται

315 3092 370 3156 καλ
379 3089 586 3178 φράττονται
594 3087 753 3173 αλστέχαι
761 3084 1095 3170 πᾶσαισανιδιύμασι
1105 3079 1254 3170 μάλιστα
1266 3086 1475 3174 μένφοινικί·

315 3206 402 3266 νοις·
427 3186 458 3254 εί
473 3187 510 3255 δέ
520 3187 576 3276 μή,
592 3192 659 3256 τῶν
672 3183 782 3256 ἄλλων
795 3181 860 3256 όσα
872 3182 991 3254 εύτονά
1003 3185 1076 3256 έστι
1089 3187 1170 3266 ξύλα
1182 3185 1271 3277 πλήν
1282 3187 1475 3274 (κεδρίνων)

162 3306 217 3350 Ath·
231 3319 252 3361 ει
268 3307 300 3350 ¹8-
315 3295 481 3357 πευκίνων
492 3292 546 3358 καί
558 3291 764 3380 κληθρίνων’
787 3293 894 3358 ταῦτα
913 3292 919 3373 Ι
936 3289 1000 3378 χδρ
1015 3291 1071 3357 καί
1088 3288 1216 3376 έκπυρά
1228 3290 1331 3370 (εοόιί.
1341 3283 1474 3376 ’πυράλ

314 3391 456 3459 ἐστικαὶ
473 3387 646 3460 εύκλαστα.
690 3393 997 3478 Καταλαμβάνεται
1020 3391 1056 3458 δέ
1079 3386 1213 3458 άνωθεν
1235 3389 1275 3458 τὸ
1300 3392 1474 3476 σανίδωμα
1545 3465 1546 3480 1

314 3498 445 3582 χέρροις
459 3497 705 3582 πεπλεγμέναις
725 3497 863 3588 λεπτοῖς
885 3497 940 3562 καί
960 3506 1100 3572 πυκνοῖς
1117 3489 1164 3572 ὦς
1181 3493 1231 3561 ένι
1248 3493 1473 3582 προσφάτοις.

396 3595 470 3664 Ἐπὶ
501 3597 538 3664 δὲ
566 3597 699 3676 τούτοις
727 3597 1042 3682 καταλαμβάνονται
1077 3595 1219 3681 βύρσαις
1252 3597 1473 3683 ῥεραμμέναις

312 3693 459 3783 <δμοίως
472 3712 548 3777 ταῖς
562 3699 696 3786 τύλαις)
710 3703 766 3768 καλ
782 3700 941 3768 σάττεται
957 3698 1006 3777 είς
1022 3691 1127 3776 αύτδις
1139 3697 1289 3782 μάλιστα
1302 3697 1364 3782 μὲν
1386 3697 1473 3765 ἕλεια
1544 3747 1545 3754 1

310 3789 350 3888 (ἢ
372 3797 412 3867 τό
434 3799 638 3885 καλούμενον
659 3801 972 3889 θαλασσόπρασον)
993 3790 1014 3887 ή
1038 3795 1142 3887 άχυρα
1164 3794 1234 3878 όξει
1255 3805 1472 3888 βεβρεγμένα·

399 3905 505 3969 ταῦτα
521 3903 558 3970 δέ
573 3903 640 3972 εἰσι
652 3904 801 3994 χρήσιμα
816 3903 904 3991 πρός
918 3929 955 3971 τε
970 3902 1031 3981 τὰς
1045 3905 1114 3970 τῶν
1130 3901 1324 3987 λιθοβόλων
1342 3901 1471 3991 πληγάς

313 4004 368 4069 καὶ
392 4002 479 4090 πρὸς
501 4004 579 4084 τούς
602 4005 843 4091 ἑμπυρισμούς.

392 4100 498 4195 ’Ἁλλη
528 4107 565 4174 δέ
593 4131 645 4185 τις
674 4107 745 4175 έστλ
773 4111 919 4192 χωστρλς
937 4107 1079 4196 χελώνη,
1103 4105 1229 4192 τὰμὲν
1252 4101 1338 4173 άλλα
1360 4132 1471 4194 παρα-
