3270 4968
470 387 512 443 De
530 386 652 443 codicum
669 387 869 444 uocrateorum
885 389 1055 444 auctoritate.
1295 389 1335 450 31

189 561 220 620 P
218 558 408 624 ΕαΛΠΘαι
438 559 495 622 καὶ
517 557 664 644 μηδενὸς
685 561 752 624 Λα.
799 562 851 626 33.
878 553 924 625 ὦν
948 558 985 623 σά
1015 563 1148 644 βίλσιον
1172 568 1202 628 Γ
1199 564 1336 632 Mil:

186 649 231 723 σι
254 660 386 741 aarum
414 661 530 727 ema
575 666 626 728 ro.
650 654 725 725 σοι’
751 657 811 726 ιιι
828 649 868 726 ἂν
884 664 1050 730 sumn:
1080 657 1120 729 ει
1137 685 1199 733 om.
1218 669 1334 735 amu

192 763 261 828 123.
290 761 401 847 φυγάς
429 764 485 828 καὶ
515 757 575 840 τάς
605 767 675 830 PE:
709 765 765 828 καὶ
800 785 862 832 om.
896 771 944 829 A.
992 771 1061 833 135.
1097 763 1229 853 ἡγῆσθε
1263 775 1294 834 P
1291 771 1338 834 Ea

187 858 342 950 (ἡγεῖσθε
365 867 459 944 EA):
482 871 634 953 ποιῆσθε
661 867 719 944 (da,
743 865 942 952 ποιήσασθε
965 870 1032 946 Λα,
1061 867 1258 956 ποιήσησθε
1277 872 1336 943 Ea.

193 968 261 1032 135.
276 963 430 1032 διδόασιν
443 973 475 1032 Γ
472 969 586 1034 ΕαΘαι
607 967 860 1051 παραδιδόασιν
872 971 930 1034 Aa
943 969 1132 1049 (ἐνδιάάασι
1147 979 1186 1037 Λ
1200 994 1280 1042 eorr.
1293 979 1334 1054 2).

274 1068 346 1148 Qua
373 1071 497 1137 ratione
527 1091 599 1137 enm
631 1073 890 1156 probaverimus,
926 1073 1069 1142 uodioem
1092 1076 1338 1145 Ambrosianum

188 1191 260 1239 oum
276 1172 388 1240 codice
402 1173 558 1240 Urbinate
573 1175 670 1258 plane
686 1177 868 1259 convenire,
885 1177 1033 1259 quaestio
1048 1179 1198 1262 nascitur,
1222 1181 1337 1264 quibus

186 1275 324 1342 vinculis
347 1275 451 1343 oodex
474 1279 504 1339 E
524 1297 596 1342 oum
619 1277 730 1344 codiee
751 1281 784 1341 A
804 1279 989 1346 coniunctus
1012 1280 1062 1346 sit.

272 1377 469 1444 Affinitatem
492 1385 599 1445 autem
627 1385 756 1462 praeter
785 1380 886 1446 verba
915 1382 947 1446 in
976 1382 1070 1448 codd.
1093 1383 1142 1446 Aa
1164 1391 1196 1450 et
1217 1384 1265 1448 Ea
1293 1385 1335 1451 ad

188 1481 341 1548 orationis
363 1481 436 1559 11:
459 1484 500 1544 24
523 1487 555 1548 et
581 1485 599 1559 ξ
623 1484 663 1548 29
693 1489 876 1549 contextum
906 1485 940 1549 in
965 1484 1015 1548 (91ι
1045 1485 1196 1551 traditum
1224 1486 1337 1555 addita

69 1589 74 1596 '
187 1584 240 1662 (of.
263 1605 294 1668 p.
321 1586 370 1661 19)
400 1604 511 1650 omnes
538 1585 606 1650 lere
635 1585 756 1652 oodiois
779 1589 811 1648 A
829 1589 1005 1654 varietates
1027 1588 1059 1652 in
1082 1591 1111 1650 E
1132 1607 1260 1672 quoque
1282 1611 1337 1656 ex·

187 1693 307 1754 stantes
322 1693 469 1770 arguunt,
493 1706 564 1754 oum
579 1687 753 1753 nonnullae
776 1687 978 1755 differentiae
1001 1690 1118 1756 calami
1141 1691 1233 1774 lapsu
1256 1693 1289 1757 in
1307 1696 1340 1756 A

186 1790 297 1856 illatae
319 1809 339 1854 a
362 1789 482 1856 uodiois
505 1791 534 1852 E
554 1789 686 1856 librario
708 1790 854 1856 sublatae
877 1791 956 1858 sint:

270 1891 302 1956 II
324 1893 375 1956 23.
399 1895 581 1956 ποιεῖσθαι
604 1895 675 1957 PE:
699 1898 916 1957 πσιειεῑσθαι
931 1896 971 1957 A.
1010 1897 1059 1960 36.
1075 1897 1227 1980 μέμνησο
1244 1902 1275 1960 Γ
1272 1897 1334 1964 Ea:

186 1999 356 2078 μέμνησνσ
380 1995 436 2056 Λα.
483 1998 533 2059 44.
557 1991 727 2059 ἐ’σπευσαν
751 1999 783 2058 Γ
801 2015 880 2062 corr.
904 1998 934 2079 2,
957 1998 999 2062 E:
1024 1991 1215 2064 εὔσπεοσαν
1237 2003 1276 2066 A.

271 2096 349 2162 VIII
371 2098 421 2162 38.
444 2106 517 2171 τοῖς
538 2093 732 2180 βαρβάρους
748 2102 779 2160 Γ
797 2117 855 2181 pr,
877 2095 956 2174 τοὺς
978 2095 1172 2183 βαρβάρους
1195 2120 1275 2168 corr.
1299 2108 1335 2186 43

184 2208 258 2273 τοῖς
279 2194 467 2280 βαρβάροις
489 2199 519 2260 E
539 2218 597 2282 pn,
628 2208 701 2274 τοῖς
722 2196 917 2281 βαρβάρους
940 2218 1020 2266 corr.
1047 2205 1078 2265 1:
1109 2206 1167 2266 τοῦ
1189 2201 1231 2280 (i)
1252 2208 1336 2284 βαρ-

184 2298 311 2383 βάρους
333 2303 366 2364 Δ
384 2320 444 2385 pr.‚
466 2297 545 2376 τοὺς
560 2297 754 2382 βαρβάρους
771 2320 849 2367 corr.
867 2304 896 2366 3.
942 2306 992 2366 55.
1009 2307 1227 2387 σοφωτέρους
1242 2309 1273 2368 Γ
1271 2305 1336 2372 Ea:
1463 2375 1466 2382 ,

187 2403 397 2487 σσφστέρους
408 2402 467 2466 Λα.
502 2405 552 2468 95.
565 2399 786 2478 ἑπτακοσίοις
798 2405 870 2467 PE:
886 2400 1089 2480 ἑπακσσίσις
1100 2408 1138 2467 Δ.
1162 2409 1213 2470 95.
1226 2403 1336 2471 ἔτεσιν

184 2505 255 2569 PE:
280 2501 408 2569 ἔετεσιν
431 2507 469 2568 A.
518 2505 587 2569 128.
612 2499 695 2567 άίστ)
720 2503 795 2568 PE:
818 2493 922 2568 ὥσστ’
947 2507 987 2568 A.

270 2606 314 2671 IV
337 2608 388 2672 83.
410 2601 497 2687 ὑπὲρ
521 2607 610 2671 TEa:
634 2603 668 2669 οἱ
690 2605 756 2686 πὲρ
782 2605 840 2669 Λα.

270 2709 401 2776 Maioris
424 2709 578 2776 momenti
600 2715 664 2776 tres
687 2709 841 2776 lectiones
865 2707 1014 2778 ridentur
1038 2728 1124 2777 esse:

271 2810 347 2876 VIII
369 2813 399 2876 9.
422 2807 508 2893 ὑμᾶς
531 2813 602 2876 PE:
633 2804 722 2894 ἡμᾶς
743 2813 783 2875 A.
830 2815 878 2876 15.
903 2803 943 2895 ἢν
965 2807 1011 2896 με)
1037 2812 1094 2876 καί
1116 2815 1184 2880 PE:
1215 2807 1255 2898 ἢν
1278 2816 1335 2882 καὶ

184 2910 241 2998 μὴ.
286 2916 335 2979 22.
361 2910 417 2977 διά
433 2916 621 2995 πρεσβείας
637 2911 763 2998 ῥᾳδίως
778 2916 848 2979 PE:
873 2911 999 2999 ῥᾳδίως
1019 2911 1075 2977 διὰ
1091 2919 1279 2998 πρεσβείας
1294 2922 1334 2982 Δ.

270 3015 336 3082 Sed
359 3015 532 3082 varietates
554 3017 592 3092 ἐξ
614 3019 632 3081 9
656 3021 688 3080 et
712 3018 751 3079 15
775 3035 839 3082 non
868 3015 1002 3082 multum
1031 3035 1052 3082 a
1080 3017 1257 3101 scripturae
1287 3039 1334 3086 er·

183 3113 308 3186 roribus
320 3119 434 3184 abesse
450 3117 514 3183 iam
531 3137 628 3202 supra
642 3138 674 3202 p.
693 3122 728 3182 11
747 3118 853 3201 dooui,
876 3123 911 3183 ut
925 3117 1084 3201 librarius,
1101 3119 1129 3185 si
1145 3123 1335 3187 sententiam

183 3221 366 3304 respiceret,
389 3220 487 3286 facile
508 3219 551 3285 ad
567 3219 732 3295 Urbinatis
747 3221 918 3287 lectionem
934 3218 1040 3286 redire
1054 3227 1173 3303 posset.
1218 3223 1335 3291 Trans·

183 3324 353 3390 mutationi
375 3328 482 3388 antem
504 3322 675 3389 uerborum
697 3325 714 3398 ξ
738 3325 779 3385 22
808 3323 1031 3389 auctoritatem
1061 3323 1200 3390 tribuere
1222 3326 1334 3412 nolim,

183 3445 257 3492 oum
279 3425 404 3491 duobus
426 3425 507 3491 loeis
530 3423 616 3490 idem
639 3423 808 3492 auoiderit:

268 3527 314 3594 IV
337 3529 386 3592 72.
409 3521 599 3612 ἡγουμένων
624 3523 711 3606 ἔχειν
735 3529 806 3592 PA:
831 3524 918 3605 ἔχειν
942 3520 1134 3610 ἡγουμένων
1157 3529 1193 3590 Ε.

269 3629 346 3695 VIII
380 3633 431 3694 41.
461 3623 539 3704 τσάς
567 3627 687 3712 λόγους
721 3633 906 3692 ποιεῖσθαι
934 3633 965 3692 P
961 3631 1006 3694 A:
1041 3631 1223 3694 ποιεῖσθαι
1255 3628 1334 3708 τοὺς

182 3727 302 3813 λόγους
324 3733 362 3794 Ε.

269 3830 377 3912 Quare
399 3833 573 3900 lectionum
595 3831 653 3898 illa
674 3831 891 3915 discrepantia
918 3851 981 3897 non
1009 3829 1226 3917 prohibemur,
1256 3853 1334 3916 quo·

183 3935 291 4000 minus
311 3933 457 4001 eodioem
478 3933 725 4001 Ambrosianum
750 3953 791 3999 ex
818 3932 931 4000 eodioe
953 3933 1109 4001 Vatioano
1138 3933 1333 4020 descriptum

183 4054 256 4104 esse
278 4041 437 4120 putemus.
482 4035 565 4101 Nam
588 4035 693 4102 eodex
715 4035 889 4102 Vaticanus
919 4052 960 4101 ex
988 4035 1100 4102 oodiee
1121 4035 1333 4105 Ambrosiano

184 4139 342 4221 originem
379 4137 496 4204 duoere
534 4139 587 4205 rel
620 4143 793 4222 propterea
824 4157 887 4204 non
924 4139 1045 4222 potuit,
1083 4157 1155 4205 oum
1188 4139 1336 4224 intellegi
