3170 4984
586 1281 731 1350 OAPUT
753 1283 806 1350 VI.

295 1433 353 1510 De
373 1435 539 1531 sontibus
565 1433 740 1537 Dionysii
762 1431 1106 1513 halicarnassensis

345 1555 382 1630 in
409 1559 480 1630 ont.
508 1551 614 1632 Rom.
644 1551 836 1634 Via-58
862 1553 1048 1633 adhibitis.

203 1727 318 1810 Itaque
347 1726 500 1809 quoniam
523 1725 564 1793 dc
587 1725 683 1792 Dion.
707 1727 735 1792 V
759 1730 885 1792 59—77
915 1727 1007 1794 initio
1031 1726 1277 1811 dissertationis,

113 1829 155 1896 de
179 1829 210 1894 V
235 1829 338 1892 1-43
361 1827 458 1894 modo
481 1828 559 1894 satis
585 1828 695 1895 multis
718 1828 966 1912 disputavimus,
988 1835 1111 1896 restant
1132 1850 1226 1915 capp.
1249 1829 1278 1896 V

113 1933 254 2015 44—58,
278 1931 394 2014 quibus
416 1929 492 1995 anni
514 1951 544 1996 a.
560 1951 590 1997 ιι.
608 1951 634 1998 c.
651 1930 1276 2011 251-2551503-4091.0111.11.1011-

108 2033 263 2102 tinentur.

201 2133 274 2214 Qua
295 2138 329 2203 in
350 2143 443 2222 parta
465 2155 547 2202 unus
563 2154 606 2200 ex
620 2136 668 2202 eis
690 2135 772 2202 loeis
795 2135 942 2218 occurrit,
967 2135 1083 2218 quibus
1105 2135 1177 2218 ipse
1192 2133 1276 2200 Lici-

109 2238 183 2305 nius
198 2239 311 2305 Macer
332 2243 444 2305 auctor
460 2236 651 2304 nominatim
672 2236 839 2302 laudatur:
861 2237 958 2320 1147,
971 2239 1001 2302 2.
1045 2236 1095 2302 De
1118 2256 1182 2320 quo
1204 2236 1276 2302 loco

112 2339 178 2405 iam
201 2341 296 2406 initio
318 2339 475 2407 iudicium
497 2337 576 2405 feci:
606 2337 725 2422 colligo
754 2338 831 2404 inde
852 2339 971 2405 Licinii
1000 2339 1134 2405 annales
1155 2359 1176 2403 1
1199 2331 1276 2404 Dio·

111 2443 207 2526 nysio
224 2463 297 2510 esse
312 2441 495 2525 adhibitos;
518 2439 577 2507 sed
592 2458 733 2522 quonam
755 2441 879 2506 ambitu
894 2439 1034 2506 adhibiti
1057 2439 1136 2524 sint,
1159 2459 1276 2523 cogno·

103 2545 159 2615 ,sci
181 2546 306 2628 nequit.
350 2545 389 2610 In
411 2545 484 2627 ipsa
504 2550 612 2610 autem
634 2544 818 2609 narratione
840 2543 906 2608 iam
927 2539 1011 2607 nihil
1032 2541 1210 2626 invenitur,
1234 2559 1277 2608 ex

111 2646 203 2712 cuius
227 2645 339 2712 indotc
355 2645 517 2712 Licinium
532 2651 697 2712 auctorem
712 2646 813 2712 fuisse
828 2652 885 2712 aut
906 2645 1064 2728 suspicari
1079 2650 1135 2709 aut
1156 2662 1276 2726 negare

109 2749 283 2831 possimus.
327 2749 412 2814 Nam
442 2747 530 2833 quod
551 2749 768 2831 Kieselingiue
778 2745 800 2824 ¹)
828 2747 970 2814 numeris
996 2746 1078 2829 illis,
1109 2747 1164 2830 qui
1187 2749 1273 2827 49,1

110 2854 237 2923 (10300
261 2851 376 2936 occisi,
400 2853 484 2916 4000
507 2851 606 2934 capti)
630 2856 663 2916 ct
684 2853 772 2934 49,2
795 2853 920 2928 (10000
949 2850 1073 2932 iugera)
1096 2857 1275 2930 occurrunt,

110 2951 280 3020 Valerium
301 2952 466 3019 Antiatem
488 2952 584 3036 prodi
606 2956 716 3038 putat,
739 2959 913 3038 propterea
934 2951 1087 3018 incertius
1110 2957 1175 3034 est,
1198 2951 1276 3035 quia

109 3060 142 3120 et
163 3055 328 3122 Licinium
351 3055 456 3138 ipsum
478 3074 628 3121 numeros
651 3053 782 3122 dedisse
805 3061 838 3120 et
852 3054 992 3120 Antiatis
1013 3053 1147 3120 annales
1169 3054 1212 3120 ab
1236 3073 1275 3119 eo

107 3154 277 3224 adhibitos
299 3176 371 3224 esse
393 3156 622 3224 demonstravi.

196 3261 319 3327 Verum
348 3259 382 3324 in
411 3259 475 3341 cis,
506 3277 609 3342 quae
637 3257 685 3324 de
714 3278 816 3324 anno
846 3257 1019 3334 2531501
1045 3257 1275 3342 Dionysius

109 3361 151 3441 (V
171 3365 212 3427 50
238 3368 271 3430 et
293 3363 348 3436 51)
370 3361 582 3446 exposuit,
605 3361 960 3426 narratiunculam
983 3360 1183 3444 quandam
1207 3360 1275 3426 de·

109 3462 425 3545 prehendimus,
455 3481 572 3546 quam
594 3483 615 3528 1
636 3462 806 3529 Valerio
829 3463 995 3529 Antiate
1018 3463 1160 3530 fictam
1182 3481 1274 3529 esse

109 3565 208 3632 olim
224 3565 306 3630 viri
323 3563 434 3632 docti
450 3565 795 3640 intellexerunta)
811 3565 971 3632 Audimus
984 3565 1273 3648 enimvuoesqq.

108 3667 194 3734 forte
216 3668 338 3734 tactum
354 3686 436 3751 esse,
458 3673 494 3733 ut
515 3667 558 3732 M.
574 3667 722 3733 Valerius
745 3668 901 3750 apopnlo
917 3667 1063 3734 Romano
1086 3667 1212 3750 legatus
1230 3665 1274 3731 ad

107 3766 263 3836 finitimos
278 3771 416 3855 populos
437 3770 555 3837 missus
571 3767 707 3836 ducibus
728 3769 997 3852 necopinantibus
1020 3770 1053 3835 in
1073 3787 1274 3836 communem

108 3869 300 3936 Latinarum
322 3873 489 3939 civitatum
512 3878 706 3939 conventum
727 3872 869 3954 veniret,
893 3871 949 3954 qui
972 3877 1040 3937 tum
1062 3869 1141 3937 belli
1164 3877 1275 3938 contra

199 4058 225 4121 1)
243 4011 432 4123 Kieselingins,
450 4054 484 4110 de
502 4055 584 4112 Dion.
602 4055 665 4111 Hal.
682 4055 841 4113 auctoribus
856 4055 905 4110 111.
924 4070 952 4124 p.
971 4057 1013 4109 13.

195 4145 222 4207 2)
241 4139 284 4196 ct.
302 4139 444 4198 virentum
460 4139 479 4194 1.
497 4139 516 4195 1.
534 4157 563 4211 p.
581 4144 624 4196 54.
