<?xml version="1.0" encoding="UTF-8"?>
<!DOCTYPE html PUBLIC "-//W3C//DTD XHTML 1.0 Transitional//EN"
    "http://www.w3.org/TR/xhtml1/DTD/xhtml1-transitional.dtd">
<html xmlns="http://www.w3.org/1999/xhtml" xml:lang="en" lang="en">
 <head>
  <title>
</title>
<meta http-equiv="Content-Type" content="text/html;charset=utf-8" />
  <meta name='ocr-system' content='tesseract 3.04.00' />
  <meta name='ocr-capabilities' content='ocr_page ocr_carea ocr_par ocr_line ocrx_word'/>
</head>
<body>
  <div class='ocr_page' id='page_1' title='image "./leipzigerstudie00curtgoog_0078.png"; bbox 0 0 3318 4970; ppageno 0'>
   <div class='ocr_carea' id='block_1_1' title="bbox 346 381 1085 453">
    <p class='ocr_par' dir='ltr' id='par_1_1' title="bbox 346 381 1085 453">
     <span class='ocr_line' id='line_1_1' title="bbox 346 381 1085 453; baseline 0.003 -14"><span class='ocrx_word' id='word_1_1' title='bbox 346 381 386 442; x_wconf 85' lang='grc'><strong>66</strong></span> <span class='ocrx_word' id='word_1_2' title='bbox 772 382 912 453; x_wconf 79' lang='lat' dir='ltr'><strong>Augustus</strong></span> <span class='ocrx_word' id='word_1_3' title='bbox 929 383 1085 440; x_wconf 81' lang='lat' dir='ltr'><strong>Jnnemann</strong></span> 
     </span>
    </p>
   </div>
   <div class='ocr_carea' id='block_1_2' title="bbox 345 554 1505 1152">
    <p class='ocr_par' dir='ltr' id='par_1_2' title="bbox 345 554 1505 1152">
     <span class='ocr_line' id='line_1_2' title="bbox 346 554 1505 640; baseline 0 -16"><span class='ocrx_word' id='word_1_4' title='bbox 346 557 477 624; x_wconf 89' lang='lat' dir='ltr'><strong>demum</strong></span> <span class='ocrx_word' id='word_1_5' title='bbox 509 554 735 623; x_wconf 77' lang='lat' dir='ltr'><strong>debellaretur.</strong></span> <span class='ocrx_word' id='word_1_6' title='bbox 779 555 851 636; x_wconf 83' lang='lat' dir='ltr'><strong>Quo</strong></span> <span class='ocrx_word' id='word_1_7' title='bbox 885 558 918 622; x_wconf 89' lang='lat' dir='ltr'><strong>in</strong></span> <span class='ocrx_word' id='word_1_8' title='bbox 951 557 1037 624; x_wconf 94' lang='lat' dir='ltr'><strong>bello</strong></span> <span class='ocrx_word' id='word_1_9' title='bbox 1065 557 1226 640; x_wconf 84' lang='lat' dir='ltr'><strong>legionem</strong></span> <span class='ocrx_word' id='word_1_10' title='bbox 1255 557 1280 623; x_wconf 92' lang='lat'><strong>1.</strong></span> <span class='ocrx_word' id='word_1_11' title='bbox 1304 557 1505 626; x_wconf 84' lang='lat' dir='ltr'><strong>Adiutrioem</strong></span> 
     </span>
     <span class='ocr_line' id='line_1_3' title="bbox 346 656 1504 737; baseline 0 -11"><span class='ocrx_word' id='word_1_12' title='bbox 346 664 456 726; x_wconf 85' lang='lat' dir='ltr'><strong>eontra</strong></span> <span class='ocrx_word' id='word_1_13' title='bbox 478 656 603 725; x_wconf 80' lang='lat' dir='ltr'><strong>Suebos</strong></span> <span class='ocrx_word' id='word_1_14' title='bbox 625 659 783 727; x_wconf 79' lang='lat' dir='ltr'><strong>militasse</strong></span> <span class='ocrx_word' id='word_1_15' title='bbox 811 658 947 726; x_wconf 89' lang='lat' dir='ltr'><strong>elfioitur</strong></span> <span class='ocrx_word' id='word_1_16' title='bbox 974 678 1016 725; x_wconf 85' lang='lat' dir='ltr'><strong>ex</strong></span> <span class='ocrx_word' id='word_1_17' title='bbox 1043 659 1136 726; x_wconf 90' lang='lat' dir='ltr'><strong>titulo</strong></span> <span class='ocrx_word' id='word_1_18' title='bbox 1159 656 1198 737; x_wconf 83' lang='lat' dir='ltr'><strong>Q.</strong></span> <span class='ocrx_word' id='word_1_19' title='bbox 1221 658 1302 725; x_wconf 84' lang='lat' dir='ltr'><strong>Attii</strong></span> <span class='ocrx_word' id='word_1_20' title='bbox 1324 659 1429 728; x_wconf 81' lang='lat' dir='ltr'><strong>Prisoi</strong></span> <span class='ocrx_word' id='word_1_21' title='bbox 1450 663 1504 726; x_wconf 86' lang='lat' dir='ltr'><strong>tri·</strong></span> 
     </span>
     <span class='ocr_line' id='line_1_4' title="bbox 346 759 1504 844; baseline 0.003 -18"><span class='ocrx_word' id='word_1_22' title='bbox 346 762 423 828; x_wconf 92' lang='lat' dir='ltr'><strong>buni</strong></span> <span class='ocrx_word' id='word_1_23' title='bbox 445 761 584 844; x_wconf 86' lang='lat' dir='ltr'><strong>legionis</strong></span> <span class='ocrx_word' id='word_1_24' title='bbox 605 763 648 839; x_wconf 88' lang='lat' dir='ltr'><strong>(n.</strong></span> <span class='ocrx_word' id='word_1_25' title='bbox 674 763 746 844; x_wconf 85' lang='lat'><strong>13.),</strong></span> <span class='ocrx_word' id='word_1_26' title='bbox 775 761 832 844; x_wconf 88' lang='lat' dir='ltr'><strong>qui</strong></span> <span class='ocrx_word' id='word_1_27' title='bbox 859 761 946 828; x_wconf 95' lang='lat' dir='ltr'><strong>bello</strong></span> <span class='ocrx_word' id='word_1_28' title='bbox 969 760 1109 828; x_wconf 89' lang='lat' dir='ltr'><strong>Suebieo</strong></span> <span class='ocrx_word' id='word_1_29' title='bbox 1132 759 1226 827; x_wconf 90' lang='lat' dir='ltr'><strong>donis</strong></span> <span class='ocrx_word' id='word_1_30' title='bbox 1247 759 1440 828; x_wconf 86' lang='lat' dir='ltr'><strong>militaribus</strong></span> <span class='ocrx_word' id='word_1_31' title='bbox 1462 763 1504 830; x_wconf 87' lang='lat' dir='ltr'><strong>ab</strong></span> 
     </span>
     <span class='ocr_line' id='line_1_5' title="bbox 346 861 1504 948; baseline -0.001 -19"><span class='ocrx_word' id='word_1_32' title='bbox 346 863 541 948; x_wconf 83' lang='lat' dir='ltr'><strong>imperatore</strong></span> <span class='ocrx_word' id='word_1_33' title='bbox 556 862 667 930; x_wconf 84' lang='lat' dir='ltr'><strong>Nerva</strong></span> <span class='ocrx_word' id='word_1_34' title='bbox 689 882 723 930; x_wconf 91' lang='lat' dir='ltr'><strong>se</strong></span> <span class='ocrx_word' id='word_1_35' title='bbox 746 861 901 929; x_wconf 86' lang='lat' dir='ltr'><strong>donatum</strong></span> <span class='ocrx_word' id='word_1_36' title='bbox 923 881 994 930; x_wconf 91' lang='lat' dir='ltr'><strong>esse</strong></span> <span class='ocrx_word' id='word_1_37' title='bbox 1016 862 1192 946; x_wconf 87' lang='lat' dir='ltr'><strong>praedieat.</strong></span> <span class='ocrx_word' id='word_1_38' title='bbox 1230 861 1374 930; x_wconf 79' lang='lat' dir='ltr'><strong>Titulum</strong></span> <span class='ocrx_word' id='word_1_39' title='bbox 1396 872 1504 930; x_wconf 89' lang='lat' dir='ltr'><strong>autem</strong></span> 
     </span>
     <span class='ocr_line' id='line_1_6' title="bbox 346 963 1504 1049; baseline 0.002 -19"><span class='ocrx_word' id='word_1_40' title='bbox 346 983 381 1030; x_wconf 87' lang='lat' dir='ltr'><strong>re</strong></span> <span class='ocrx_word' id='word_1_41' title='bbox 404 983 484 1030; x_wconf 89' lang='lat' dir='ltr'><strong>vera</strong></span> <span class='ocrx_word' id='word_1_42' title='bbox 504 963 547 1030; x_wconf 87' lang='lat' dir='ltr'><strong>ad</strong></span> <span class='ocrx_word' id='word_1_43' title='bbox 563 965 684 1031; x_wconf 91' lang='lat' dir='ltr'><strong>bellum</strong></span> <span class='ocrx_word' id='word_1_44' title='bbox 700 971 811 1032; x_wconf 88' lang='lat' dir='ltr'><strong>eontra</strong></span> <span class='ocrx_word' id='word_1_45' title='bbox 826 964 1005 1032; x_wconf 80' lang='lat' dir='ltr'><strong>Germanos</strong></span> <span class='ocrx_word' id='word_1_46' title='bbox 1020 965 1075 1031; x_wconf 86' lang='lat' dir='ltr'><strong>vel</strong></span> <span class='ocrx_word' id='word_1_47' title='bbox 1090 963 1225 1049; x_wconf 87' lang='lat' dir='ltr'><strong>Suebos,</strong></span> <span class='ocrx_word' id='word_1_48' title='bbox 1248 966 1303 1049; x_wconf 89' lang='lat' dir='ltr'><strong>qui</strong></span> <span class='ocrx_word' id='word_1_49' title='bbox 1318 965 1504 1032; x_wconf 87' lang='lat' dir='ltr'><strong>Danuvium</strong></span> 
     </span>
     <span class='ocr_line' id='line_1_7' title="bbox 345 1065 1504 1152; baseline 0.002 -20"><span class='ocrx_word' id='word_1_50' title='bbox 345 1065 464 1134; x_wconf 89' lang='lat' dir='ltr'><strong>flumen</strong></span> <span class='ocrx_word' id='word_1_51' title='bbox 486 1067 644 1150; x_wconf 91' lang='lat' dir='ltr'><strong>aoeolunt,</strong></span> <span class='ocrx_word' id='word_1_52' title='bbox 666 1074 793 1152; x_wconf 89' lang='lat' dir='ltr'><strong>gestum</strong></span> <span class='ocrx_word' id='word_1_53' title='bbox 815 1065 1018 1134; x_wconf 84' lang='lat' dir='ltr'><strong>referendum</strong></span> <span class='ocrx_word' id='word_1_54' title='bbox 1040 1085 1112 1134; x_wconf 90' lang='lat' dir='ltr'><strong>esse</strong></span> <span class='ocrx_word' id='word_1_55' title='bbox 1134 1065 1312 1133; x_wconf 86' lang='lat' dir='ltr'><strong>Mommsen</strong></span> <span class='ocrx_word' id='word_1_56' title='bbox 1333 1085 1393 1150; x_wconf 91' lang='lat' dir='ltr'><strong>pro</strong></span> <span class='ocrx_word' id='word_1_57' title='bbox 1416 1075 1504 1134; x_wconf 90' lang='lat' dir='ltr'><strong>oerto</strong></span> 
     </span>
    </p>
   </div>
   <div class='ocr_carea' id='block_1_3' title="bbox 346 1167 1503 1254">
    <p class='ocr_par' dir='ltr' id='par_1_3' title="bbox 346 1167 1503 1254">
     <span class='ocr_line' id='line_1_8' title="bbox 346 1167 1503 1254; baseline 0.002 -20"><span class='ocrx_word' id='word_1_58' title='bbox 346 1167 489 1235; x_wconf 81' lang='lat' dir='ltr'><strong>decrevit</strong></span> <span class='ocrx_word' id='word_1_59' title='bbox 524 1168 590 1234; x_wconf 91' lang='lat' dir='ltr'><strong>illis</strong></span> <span class='ocrx_word' id='word_1_60' title='bbox 622 1169 721 1235; x_wconf 91' lang='lat' dir='ltr'><strong>Plinii</strong></span> <span class='ocrx_word' id='word_1_61' title='bbox 756 1172 887 1254; x_wconf 82' lang='lat' dir='ltr'><strong>(paneg.</strong></span> <span class='ocrx_word' id='word_1_62' title='bbox 919 1189 946 1236; x_wconf 87' lang='lat' dir='ltr'><strong>e.</strong></span> <span class='ocrx_word' id='word_1_63' title='bbox 981 1169 1013 1246; x_wconf 89' lang='lat'><strong>8)</strong></span> <span class='ocrx_word' id='word_1_64' title='bbox 1051 1167 1160 1235; x_wconf 88' lang='lat' dir='ltr'><strong>verbis</strong></span> <span class='ocrx_word' id='word_1_65' title='bbox 1193 1167 1336 1234; x_wconf 86' lang='lat' dir='ltr'><strong>maxime</strong></span> <span class='ocrx_word' id='word_1_66' title='bbox 1369 1169 1503 1254; x_wconf 91' lang='lat' dir='ltr'><strong>innisus,</strong></span> 
     </span>
    </p>
   </div>
   <div class='ocr_carea' id='block_1_4' title="bbox 345 1259 1636 1355">
    <p class='ocr_par' dir='ltr' id='par_1_4' title="bbox 345 1259 1636 1355">
     <span class='ocr_line' id='line_1_9' title="bbox 345 1259 1636 1355; baseline -0.005 -18"><span class='ocrx_word' id='word_1_67' title='bbox 345 1269 461 1354; x_wconf 91' lang='lat' dir='ltr'><strong>quibus</strong></span> <span class='ocrx_word' id='word_1_68' title='bbox 490 1270 605 1337; x_wconf 89' lang='lat' dir='ltr'><strong>eodem</strong></span> <span class='ocrx_word' id='word_1_69' title='bbox 633 1269 699 1354; x_wconf 92' lang='lat' dir='ltr'><strong>die,</strong></span> <span class='ocrx_word' id='word_1_70' title='bbox 729 1290 792 1355; x_wconf 89' lang='lat' dir='ltr'><strong>quo</strong></span> <span class='ocrx_word' id='word_1_71' title='bbox 814 1271 925 1337; x_wconf 87' lang='lat' dir='ltr'><strong>Nerva</strong></span> <span class='ocrx_word' id='word_1_72' title='bbox 946 1269 1122 1337; x_wconf 79' lang='lat' dir='ltr'><strong>Traianum</strong></span> <span class='ocrx_word' id='word_1_73' title='bbox 1148 1268 1328 1354; x_wconf 89' lang='lat' dir='ltr'><strong>adoptaret,</strong></span> <span class='ocrx_word' id='word_1_74' title='bbox 1358 1271 1504 1336; x_wconf 89' lang='lat' dir='ltr'><strong>nuntium</strong></span> <span class='ocrx_word' id='word_1_75' title='bbox 1635 1259 1636 1302; x_wconf 69' lang='lat'><em>³</em></span> 
     </span>
    </p>
   </div>
   <div class='ocr_carea' id='block_1_5' title="bbox 342 1369 1504 2358">
    <p class='ocr_par' dir='ltr' id='par_1_5' title="bbox 342 1369 1504 2358">
     <span class='ocr_line' id='line_1_10' title="bbox 344 1369 1321 1456; baseline -0.002 -18"><span class='ocrx_word' id='word_1_76' title='bbox 344 1373 500 1440; x_wconf 81' lang='lat' dir='ltr'><strong>victoriae</strong></span> <span class='ocrx_word' id='word_1_77' title='bbox 522 1376 707 1456; x_wconf 82' lang='lat' dir='ltr'><strong>reportatae</strong></span> <span class='ocrx_word' id='word_1_78' title='bbox 730 1391 772 1439; x_wconf 85' lang='lat' dir='ltr'><strong>ex</strong></span> <span class='ocrx_word' id='word_1_79' title='bbox 794 1372 962 1439; x_wconf 90' lang='lat' dir='ltr'><strong>Pannonia</strong></span> <span class='ocrx_word' id='word_1_80' title='bbox 983 1371 1117 1438; x_wconf 83' lang='lat' dir='ltr'><strong>allatum</strong></span> <span class='ocrx_word' id='word_1_81' title='bbox 1138 1390 1210 1439; x_wconf 90' lang='lat' dir='ltr'><strong>esse</strong></span> <span class='ocrx_word' id='word_1_82' title='bbox 1233 1369 1321 1438; x_wconf 89' lang='lat' dir='ltr'><strong>dieit.</strong></span> 
     </span>
     <span class='ocr_line' id='line_1_11' title="bbox 430 1473 1503 1558; baseline 0 -18"><span class='ocrx_word' id='word_1_83' title='bbox 430 1473 592 1552; x_wconf 81' lang='lat' dir='ltr'><strong>Quamdiu</strong></span> <span class='ocrx_word' id='word_1_84' title='bbox 615 1475 643 1540; x_wconf 87' lang='lat'><strong>1.</strong></span> <span class='ocrx_word' id='word_1_85' title='bbox 664 1474 816 1541; x_wconf 82' lang='lat' dir='ltr'><strong>Adiutrix</strong></span> <span class='ocrx_word' id='word_1_86' title='bbox 845 1475 876 1541; x_wconf 93' lang='lat' dir='ltr'><strong>ei</strong></span> <span class='ocrx_word' id='word_1_87' title='bbox 909 1474 996 1540; x_wconf 92' lang='lat' dir='ltr'><strong>bello</strong></span> <span class='ocrx_word' id='word_1_88' title='bbox 1030 1473 1220 1558; x_wconf 84' lang='lat' dir='ltr'><strong>interfuerit,</strong></span> <span class='ocrx_word' id='word_1_89' title='bbox 1253 1473 1411 1540; x_wconf 88' lang='lat' dir='ltr'><strong>ineertum</strong></span> <span class='ocrx_word' id='word_1_90' title='bbox 1445 1480 1503 1540; x_wconf 90' lang='lat' dir='ltr'><strong>est.</strong></span> 
     </span>
     <span class='ocr_line' id='line_1_12' title="bbox 343 1575 1503 1662; baseline -0.003 -19"><span class='ocrx_word' id='word_1_91' title='bbox 343 1577 459 1662; x_wconf 86' lang='lat' dir='ltr'><strong>Neque</strong></span> <span class='ocrx_word' id='word_1_92' title='bbox 480 1595 558 1644; x_wconf 89' lang='lat' dir='ltr'><strong>vero</strong></span> <span class='ocrx_word' id='word_1_93' title='bbox 580 1575 737 1644; x_wconf 85' lang='lat' dir='ltr'><strong>eredibile</strong></span> <span class='ocrx_word' id='word_1_94' title='bbox 759 1596 830 1644; x_wconf 89' lang='lat' dir='ltr'><strong>esse</strong></span> <span class='ocrx_word' id='word_1_95' title='bbox 851 1582 930 1661; x_wconf 92' lang='lat' dir='ltr'><strong>puto</strong></span> <span class='ocrx_word' id='word_1_96' title='bbox 952 1576 1127 1658; x_wconf 83' lang='lat' dir='ltr'><strong>legionem,</strong></span> <span class='ocrx_word' id='word_1_97' title='bbox 1148 1595 1169 1641; x_wconf 85' lang='lat' dir='ltr'><strong>a</strong></span> <span class='ocrx_word' id='word_1_98' title='bbox 1191 1594 1255 1659; x_wconf 89' lang='lat' dir='ltr'><strong>qua</strong></span> <span class='ocrx_word' id='word_1_99' title='bbox 1270 1579 1503 1642; x_wconf 76' lang='lat' dir='ltr'><strong>exstructorum</strong></span> 
     </span>
     <span class='ocr_line' id='line_1_13' title="bbox 344 1674 1502 1762; baseline -0.004 -16"><span class='ocrx_word' id='word_1_100' title='bbox 344 1699 478 1762; x_wconf 90' lang='lat' dir='ltr'><strong>operum</strong></span> <span class='ocrx_word' id='word_1_101' title='bbox 514 1683 581 1744; x_wconf 89' lang='lat' dir='ltr'><strong>tam</strong></span> <span class='ocrx_word' id='word_1_102' title='bbox 613 1679 715 1745; x_wconf 92' lang='lat' dir='ltr'><strong>multa</strong></span> <span class='ocrx_word' id='word_1_103' title='bbox 747 1677 886 1762; x_wconf 85' lang='lat' dir='ltr'><strong>vestigia</strong></span> <span class='ocrx_word' id='word_1_104' title='bbox 921 1676 965 1744; x_wconf 88' lang='lat' dir='ltr'><strong>ad</strong></span> <span class='ocrx_word' id='word_1_105' title='bbox 997 1675 1146 1744; x_wconf 90' lang='lat' dir='ltr'><strong>Rhenum</strong></span> <span class='ocrx_word' id='word_1_106' title='bbox 1179 1681 1319 1760; x_wconf 86' lang='lat' dir='ltr'><strong>exstent,</strong></span> <span class='ocrx_word' id='word_1_107' title='bbox 1357 1674 1415 1742; x_wconf 92' lang='lat' dir='ltr'><strong>diu</strong></span> <span class='ocrx_word' id='word_1_108' title='bbox 1446 1695 1502 1743; x_wconf 88' lang='lat' dir='ltr'><strong>ex·</strong></span> 
     </span>
     <span class='ocr_line' id='line_1_14' title="bbox 343 1777 1504 1863; baseline -0.003 -17"><span class='ocrx_word' id='word_1_109' title='bbox 343 1788 433 1848; x_wconf 90' lang='lat' dir='ltr'><strong>terno</strong></span> <span class='ocrx_word' id='word_1_110' title='bbox 466 1781 552 1848; x_wconf 92' lang='lat' dir='ltr'><strong>bello</strong></span> <span class='ocrx_word' id='word_1_111' title='bbox 587 1780 788 1863; x_wconf 81' lang='lat' dir='ltr'><strong>implicatam</strong></span> <span class='ocrx_word' id='word_1_112' title='bbox 818 1781 947 1846; x_wconf 85' lang='lat' dir='ltr'><strong>aluisse.</strong></span> <span class='ocrx_word' id='word_1_113' title='bbox 997 1779 1099 1845; x_wconf 94' lang='lat' dir='ltr'><strong>Immo</strong></span> <span class='ocrx_word' id='word_1_114' title='bbox 1136 1779 1262 1862; x_wconf 89' lang='lat' dir='ltr'><strong>integra</strong></span> <span class='ocrx_word' id='word_1_115' title='bbox 1293 1777 1424 1862; x_wconf 91' lang='lat' dir='ltr'><strong>legione</strong></span> <span class='ocrx_word' id='word_1_116' title='bbox 1460 1777 1504 1842; x_wconf 90' lang='lat' dir='ltr'><strong>ad</strong></span> 
     </span>
     <span class='ocr_line' id='line_1_15' title="bbox 342 1881 1502 1964; baseline -0.002 -16"><span class='ocrx_word' id='word_1_117' title='bbox 342 1882 422 1949; x_wconf 91' lang='lat' dir='ltr'><strong>belli</strong></span> <span class='ocrx_word' id='word_1_118' title='bbox 445 1881 556 1948; x_wconf 91' lang='lat' dir='ltr'><strong>sedem</strong></span> <span class='ocrx_word' id='word_1_119' title='bbox 578 1881 719 1949; x_wconf 89' lang='lat' dir='ltr'><strong>adduota</strong></span> <span class='ocrx_word' id='word_1_120' title='bbox 741 1883 957 1948; x_wconf 87' lang='lat' dir='ltr'><strong>Romanorum</strong></span> <span class='ocrx_word' id='word_1_121' title='bbox 986 1882 1072 1948; x_wconf 88' lang='lat' dir='ltr'><strong>vires</strong></span> <span class='ocrx_word' id='word_1_122' title='bbox 1095 1885 1264 1964; x_wconf 88' lang='lat' dir='ltr'><strong>tantopere</strong></span> <span class='ocrx_word' id='word_1_123' title='bbox 1285 1885 1398 1947; x_wconf 89' lang='lat' dir='ltr'><strong>auetas</strong></span> <span class='ocrx_word' id='word_1_124' title='bbox 1422 1898 1502 1962; x_wconf 88' lang='lat' dir='ltr'><strong>esse,</strong></span> 
     </span>
     <span class='ocr_line' id='line_1_16' title="bbox 343 1979 1504 2069; baseline -0.004 -18"><span class='ocrx_word' id='word_1_125' title='bbox 343 1989 378 2052; x_wconf 90' lang='lat' dir='ltr'><strong>ut</strong></span> <span class='ocrx_word' id='word_1_126' title='bbox 406 1984 498 2050; x_wconf 88' lang='lat' dir='ltr'><strong>brevi</strong></span> <span class='ocrx_word' id='word_1_127' title='bbox 531 1990 676 2069; x_wconf 91' lang='lat' dir='ltr'><strong>tempore</strong></span> <span class='ocrx_word' id='word_1_128' title='bbox 704 1984 824 2051; x_wconf 91' lang='lat' dir='ltr'><strong>bellum</strong></span> <span class='ocrx_word' id='word_1_129' title='bbox 855 1981 1057 2066; x_wconf 84' lang='lat' dir='ltr'><strong>eoulieerent,</strong></span> <span class='ocrx_word' id='word_1_130' title='bbox 1091 1982 1161 2050; x_wconf 89' lang='lat' dir='ltr'><strong>veri</strong></span> <span class='ocrx_word' id='word_1_131' title='bbox 1193 1981 1331 2048; x_wconf 88' lang='lat' dir='ltr'><strong>similius</strong></span> <span class='ocrx_word' id='word_1_132' title='bbox 1363 1979 1504 2069; x_wconf 84' lang='lat' dir='ltr'><strong>videtur.</strong></span> 
     </span>
     <span class='ocr_line' id='line_1_17' title="bbox 343 2083 1504 2170; baseline -0.003 -18"><span class='ocrx_word' id='word_1_133' title='bbox 343 2087 458 2170; x_wconf 89' lang='lat' dir='ltr'><strong>Itaque</strong></span> <span class='ocrx_word' id='word_1_134' title='bbox 496 2086 661 2168; x_wconf 88' lang='lat' dir='ltr'><strong>legionem</strong></span> <span class='ocrx_word' id='word_1_135' title='bbox 692 2086 718 2151; x_wconf 96' lang='grc' dir='ltr'><strong>Ι.</strong></span> <span class='ocrx_word' id='word_1_136' title='bbox 747 2084 964 2168; x_wconf 85' lang='lat' dir='ltr'><strong>Adiutrioem,</strong></span> <span class='ocrx_word' id='word_1_137' title='bbox 998 2091 1034 2151; x_wconf 89' lang='lat' dir='ltr'><strong>ut</strong></span> <span class='ocrx_word' id='word_1_138' title='bbox 1066 2104 1151 2151; x_wconf 91' lang='lat' dir='ltr'><strong>auno</strong></span> <span class='ocrx_word' id='word_1_139' title='bbox 1183 2086 1235 2150; x_wconf 80' lang='lat'><strong>97.</strong></span> <span class='ocrx_word' id='word_1_140' title='bbox 1269 2085 1302 2149; x_wconf 94' lang='lat' dir='ltr'><strong>in</strong></span> <span class='ocrx_word' id='word_1_141' title='bbox 1335 2083 1504 2150; x_wconf 87' lang='lat' dir='ltr'><strong>Pannonia</strong></span> 
     </span>
     <span class='ocr_line' id='line_1_18' title="bbox 344 2183 1504 2273; baseline -0.003 -20"><span class='ocrx_word' id='word_1_142' title='bbox 344 2188 445 2254; x_wconf 85' lang='lat' dir='ltr'><strong>fuisse</strong></span> <span class='ocrx_word' id='word_1_143' title='bbox 467 2187 525 2254; x_wconf 95' lang='lat' dir='ltr'><strong>illo</strong></span> <span class='ocrx_word' id='word_1_144' title='bbox 553 2189 648 2254; x_wconf 89' lang='lat' dir='ltr'><strong>titulo</strong></span> <span class='ocrx_word' id='word_1_145' title='bbox 680 2187 847 2272; x_wconf 85' lang='lat' dir='ltr'><strong>probatur,</strong></span> <span class='ocrx_word' id='word_1_146' title='bbox 875 2188 922 2254; x_wconf 90' lang='lat' dir='ltr'><strong>sio</strong></span> <span class='ocrx_word' id='word_1_147' title='bbox 950 2187 1048 2271; x_wconf 87' lang='lat' dir='ltr'><strong>paulo</strong></span> <span class='ocrx_word' id='word_1_148' title='bbox 1076 2193 1151 2270; x_wconf 89' lang='lat' dir='ltr'><strong>post</strong></span> <span class='ocrx_word' id='word_1_149' title='bbox 1178 2185 1300 2252; x_wconf 92' lang='lat' dir='ltr'><strong>bellum</strong></span> <span class='ocrx_word' id='word_1_150' title='bbox 1329 2183 1504 2273; x_wconf 79' lang='lat' dir='ltr'><strong>Suebicum</strong></span> 
     </span>
     <span class='ocr_line' id='line_1_19' title="bbox 344 2288 1345 2358; baseline -0.006 0"><span class='ocrx_word' id='word_1_151' title='bbox 344 2289 524 2358; x_wconf 87' lang='lat' dir='ltr'><strong>coufeotum</strong></span> <span class='ocrx_word' id='word_1_152' title='bbox 547 2289 660 2357; x_wconf 73' lang='lat' dir='ltr'><strong>emtris</strong></span> <span class='ocrx_word' id='word_1_153' title='bbox 683 2288 884 2357; x_wconf 76' lang='lat' dir='ltr'><strong>Germanicis</strong></span> <span class='ocrx_word' id='word_1_154' title='bbox 906 2289 1067 2355; x_wconf 86' lang='lat' dir='ltr'><strong>redditam</strong></span> <span class='ocrx_word' id='word_1_155' title='bbox 1090 2307 1162 2356; x_wconf 87' lang='lat' dir='ltr'><strong>esse</strong></span> <span class='ocrx_word' id='word_1_156' title='bbox 1185 2288 1345 2355; x_wconf 88' lang='lat' dir='ltr'><strong>existimo.</strong></span> 
     </span>
    </p>
   </div>
   <div class='ocr_carea' id='block_1_6' title="bbox 0 0 1664 4970">
    <p class='ocr_par' dir='ltr' id='par_1_6' title="bbox 0 0 1664 4970">
     <span class='ocr_line' id='line_1_20' title="bbox 0 0 1664 4970; baseline 0 1"><span class='ocrx_word' id='word_1_157' title='bbox 0 0 1664 4970; x_wconf 95' lang='lat' dir='ltr'><strong> </strong></span> 
     </span>
    </p>
   </div>
  </div>
 </body>
</html>
