3170 4984
299 383 360 442 290
734 379 935 437 Maximllianus
954 381 1033 436 Thiel

299 558 417 625 oratio:
446 557 548 624 multo
572 555 751 640 simplicius
775 555 856 621 illnd
879 555 988 623 dicere
1010 555 1103 622 licuit
1125 555 1173 622 sic
1195 555 1262 622 fere
1282 550 1472 639 ζλαμβάνει

300 657 335 724 δὲ
344 653 600 741 ἆμαξέπσδαςέν
612 655 664 734 οἱς
676 661 880 743 στρέφονται
891 662 1015 744 τροχοί,
1028 656 1084 723 ἵνα
1096 655 1473 744 δύνηταιπροάγεσθαι

300 758 338 825 τὸ
356 751 644 842 κατασκεύασμ’.
688 760 737 827 Ae
758 761 860 826 verba
879 755 1122 826 ‘vocatores
1145 757 1194 836 εἷς
1216 753 1471 844 τοῦμπροσθεν

298 858 428 926 πλατὺν
463 859 571 927 τόπον
606 873 718 927 ποιεῖν
752 850 774 950 ἢ
808 865 865 930 καὶ
900 858 1029 945 ὁμαλὸν
1058 859 1146 946 πρὸς
1174 859 1213 928 τὸ
1248 855 1465 948 πολεμῆσαί

298 963 396 1030 valde
418 984 498 1047 prae
521 983 557 1031 se
579 963 685 1032 lerunt
706 967 849 1050 speciem
871 965 1163 1050 interpretamenti3
1189 971 1358 1050 praeterea
1381 965 1470 1049 qnid

299 1066 340 1132 sit
369 1064 573 1135 differentiae
603 1069 636 1133 in
666 1066 727 1135 hoc
756 1066 887 1151 quidem
916 1087 1042 1134 conexu
1065 1067 1148 1134 inter
1167 1061 1311 1131 ‘clario
1333 1057 1465 1130 τέκτον’

298 1173 330 1233 et
349 1161 492 1249 ζὁμαλὸν
514 1161 636 1234 τόπον’
662 1189 714 1236 me
737 1168 833 1254 fngit;
861 1188 968 1253 nequa
999 1171 1064 1235 iam
1091 1168 1235 1234 dubitem
1259 1169 1337 1252 quin
1361 1169 1470 1235 etiam

297 1271 397 1336 verba
417 1258 450 1357 ’ἢ
479 1271 535 1335 καὶ
565 1273 797 1355 παρατιθέναι
826 1268 901 1336 τινὰ
931 1263 1168 1358 μηχανήματα’
1194 1270 1341 1338 eiusdem
1363 1271 1468 1337 inter-

298 1374 492 1456 pretamenti
507 1374 571 1440 sint
587 1381 619 1439 et
633 1381 702 1440 arte
718 1373 914 1440 cohaereant
936 1393 1007 1441 cum
1031 1373 1140 1439 serbis
1160 1365 1306 1455 ‘prinmo
1331 1365 1469 1453 ὁμαλὸν

298 1470 385 1556 πρὸς
400 1471 438 1538 τὸ
463 1469 668 1561 πολεμῆσαί
695 1479 742 1544 ita
764 1476 896 1560 quidem
919 1482 955 1542 ut
973 1470 1075 1559 ‘apic
1096 1469 1150 1540 ιδ’
1176 1476 1338 1559 pertineat
1360 1474 1467 1540 etiam

297 1576 340 1642 ad
365 1577 500 1643 verbum
520 1571 793 1662 ‘mepanadtvat'.
837 1579 882 1644 At
910 1598 974 1662 quo
1004 1583 1129 1661 spectat
1157 1577 1238 1643 illud
1267 1578 1468 1660 interpreta-

297 1679 464 1744 mentum?
516 1679 607 1747 Nihil
640 1683 772 1749 clarius!
828 1681 990 1764 Interpres
1024 1681 1127 1745 voluit
1160 1679 1325 1762 explicare
1358 1678 1470 1744 verba

297 1783 339 1863 (p.
359 1783 408 1863 16,
428 1783 456 1858 1)
468 1776 570 1866 τπρὸς
585 1781 646 1860 τὰς
660 1786 837 1868 γινομένας
852 1781 900 1860 εἰς
915 1781 974 1868 τὴν
991 1777 1214 1868 προσαγωγὴν
1230 1781 1297 1844 ταῖν
1311 1801 1469 1864 μηχανη-

296 1879 412 1963 μάτων
424 1881 475 1965 (cf.
484 1880 588 1968 (πρὸς
601 1882 659 1969 τὸ)
671 1881 990 1970 adpenderetur&
1001 1881 1235 1970 μηχανήματα)
1246 1879 1422 1970 παρόδους
1431 1886 1468 1964 ¹),

296 1985 447 2052 librarius
468 1992 576 2052 autem
592 1988 755 2070 glossema
769 2025 812 2035 —
826 2009 866 2056 ac
887 2007 990 2075 pravo
1013 1987 1144 2070 quidem
1167 1987 1238 2052 loco
1262 2020 1304 2032 —
1326 1986 1359 2051 in
1382 2004 1468 2051 con-

296 2091 421 2152 textum
449 2089 581 2172 recepit.
627 2091 695 2156 lam
726 2096 888 2176 expuncto
916 2090 973 2157 illo
1002 2090 1287 2173 interpretamento
1314 2085 1469 2154 evadunt

297 2189 436 2271 vestigia
470 2191 630 2272 quaedam
664 2193 912 2260 necessitudinis
945 2192 1028 2258 inter
1057 2191 1198 2257 Vitruvii
1232 2197 1264 2256 et
1294 2186 1468 2255 Athenaei

296 2289 397 2356 verba
408 2291 653 2377 intercedentis3
666 2294 813 2360 ol.velim
829 2293 926 2362 haec:
942 2292 998 2358 ἵνα
1014 2291 1096 2360 ὅταν
1112 2291 1168 2379 δέῃ
1183 2285 1465 2379 [παροόοπαιεῑν]

297 2390 510 2476 προάγοντας
533 2387 603 2481 diff
628 2390 688 2462 ‘uti
711 2397 782 2463 sive
806 2416 886 2480 opus
909 2397 1007 2464 luerit
1027 2396 1181 2481 progredi
1204 2383 1334 2479 possit'.

384 2495 450 2562 Sed
483 2503 605 2564 restant
639 2499 740 2566 verba
764 2492 996 2563 ‘isandeone
1025 2496 1103 2575 τοὺς
1130 2493 1269 2583 τροχοὺς
1297 2491 1382 2577 μετὰ
1417 2491 1465 2560 τὸ

296 2588 499 2664 ἀποκλεῖσαι
514 2596 592 2676 τοὺς
609 2591 756 2676 ἅξοναςῖ
787 2602 935 2685 Apparet
948 2621 990 2668 ne
1005 2601 1088 2668 haec
1110 2599 1242 2684 quidem
1265 2597 1467 2680 cormptelis

295 2719 427 2784 vacare,
462 2721 560 2785 snpra
594 2705 777 2786 expositum
812 2710 881 2771 erat
916 2711 1057 2770 rotarum
1095 2721 1175 2770 anes
1212 2701 1383 2780 (immissos
1425 2699 1467 2765 in

296 2795 523 2883 ἆμαξλποδας)
539 2804 655 2871 lamnis
671 2805 783 2873 ferreis
799 2808 967 2874 conclusos
989 2807 1098 2872 luisse.
1145 2803 1208 2882 Qui
1230 2804 1328 2886 igitur
1348 2802 1468 2886 potuit

295 2902 381 2986 fieri,
410 2911 445 2970 ut
464 2898 650 2988 ‘postquam
673 2927 752 2974 axes
776 2908 918 2976 conclusi
941 2913 1063 2990 essent,
1095 2907 1214 2990 aliquis
1237 2912 1324 2972 rotas
1347 2909 1466 2970 extra-
1579 2933 1580 2940 τ

295 2997 427 3072 heret’?
470 3007 538 3073 Iam
568 3009 671 3076 minus
701 3009 866 3077 ridebitur
894 3011 1099 3077 temerarium
1130 3009 1240 3076 conari
1261 3025 1465 3074 consensum

295 3107 422 3175 efficere
446 3129 518 3176 cum
534 3109 697 3178 Vitruvio:
721 3133 900 3197 proponam
922 3113 1021 3196 igitur
1043 3117 1079 3177 ut
1100 3131 1158 3195 pro
1178 3103 1276 3192 ‘perd
1298 3104 1336 3172 τὸ
1361 3099 1462 3172 ἀπο-

293 3210 424 3276 κλεῖσαι
453 3209 532 3287 rode
562 3206 697 3290 ἅξονας’
724 3216 900 3282 secundum
924 3215 1063 3282 Vitruvii
1093 3213 1194 3280 verba
1213 3206 1285 3296 ‘per
1308 3215 1464 3277 versatas

294 3305 497 3382 arbusculas'
523 3316 669 3398 legamus
689 3311 761 3382 ‘due
784 3313 822 3382 τὸ
848 3309 1131 3390 &contionatoris
1154 3301 1404 3395 ἆμαξόποὸας’.

380 3414 475 3494 Quod
490 3424 576 3484 recte
593 3421 620 3485 si
636 3421 830 3487 coniecerim
842 3411 1087 3485 ‘inundantes'
1111 3417 1246 3484 verbum
1269 3419 1464 3498 corruptum

294 3536 366 3584 esse
394 3524 499 3601 patet3
528 3539 605 3585 nam
634 3517 691 3587 διὰ
720 3518 758 3586 τὸ
785 3514 967 3589 ἀποκλῖναι
988 3518 1067 3596 τοὺς
1090 3513 1312 3601 ἆμαξόποὸας
1333 3514 1463 3583 efficie-

293 3620 372 3686 bant
393 3626 428 3686 nt
449 3617 527 3696 τοὺς
549 3620 688 3706 τροχοὺς
710 3631 888 3706 verterent3
918 3624 1013 3692 huius
1035 3625 1133 3708 igitur
1155 3621 1295 3688 notionis
1317 3617 1463 3685 verbum

294 3720 526 3791 desideramus.
550 3723 645 3803 Quod
660 3733 695 3792 ut
710 3728 781 3811 ipse
798 3747 816 3795 e
831 3729 931 3794 verbo
944 3715 1188 3791 ‘laondnuvca'
1208 3742 1363 3798 eruerem,
1379 3739 1463 3788 uum

292 3822 373 3888 mihi
388 3844 452 3891 non
468 3827 664 3913 contigisset,
689 3828 798 3896 effecit
819 3830 885 3896 leni
907 3829 1084 3896 mutatione
1100 3822 1373 3906 Wachsmnthius,
1396 3825 1461 3905 qui

292 3925 375 3991 illud
398 3927 430 3992 in
443 3921 712 4012 ‘dadctldnasrog'
736 3931 931 4016 emendavit,
955 3949 1039 4015 quae
1061 3931 1246 3997 coniectura
1268 3927 1366 3992 etiam
1388 3923 1460 3991 leo·

370 4045 406 4126 ⁴l)
424 4062 468 4118 Sic
486 4067 561 4119 recte
578 4070 646 4132 puto
664 4066 814 4135 explevisse
831 4065 1010 4120 Wescherum
1028 4063 1168 4131 lacunam3
1194 4062 1247 4117 nisi
1268 4059 1338 4115 torte
1359 4055 1460 4126 potius

293 4145 435 4200 delendum
453 4153 513 4202 erat
527 4143 587 4208 ‘xci
605 4145 672 4217 τὰς’
690 4157 722 4206 ut
738 4143 915 4224 “γινομένοις’
933 4148 1082 4220 pertineret
1099 4147 1135 4203 ad
1148 4139 1375 4218 “παρεκτοὶσεις’.
