3170 4984
308 361 375 421 314]
740 367 943 424 Mulmilinnus
960 365 1039 422 Thiel

310 533 343 599 έν
368 524 452 620 αότῇ
473 541 620 621 κεραίαν.
665 539 733 606 Καὶ
758 537 816 606 ἐπὶ
838 541 899 605 τοῦ
920 534 1201 623 καταστρώματος
1224 535 1260 602 δὲ
1283 538 1341 602 τοῦ
1364 532 1400 602 έν
1421 538 1465 620 τῴ

309 640 468 722 συριγγίῳ
498 637 642 717 πυκνοδς
655 643 785 727 ’τίθησι
807 639 1014 724 κυλίνδρους,
1044 637 1101 704 ἵνα
1130 635 1297 725 εὐκίνητος
1325 633 1465 724 ὑπάρχῃ.

395 737 480 822 (Καὶ
505 731 611 820 οότως
632 740 751 826 βάλλει
773 739 833 828 τὴν
855 747 1000 826 κεραίαν,
1025 737 1060 807 ἐν
1081 733 1103 828 ᾗ
1125 753 1308 827 κριοκοπεῑ,
1332 737 1465 827 ἐφελκό-
1546 727 1547 738 ¹

309 863 409 921 μενος
433 833 533 929 αὐτὴν
557 839 592 908 ἐκ
613 846 674 910 τοῦ
696 843 786 910 κάτω
810 837 944 912 ὀνίσκου
966 839 1145 928 κειμένου).

153 956 210 1002 m.
224 969 247 1012 ν·
263 957 295 1002 ¹⁵·
396 945 587 1028 Βυρσοῦται
605 944 611 1030 Ι
630 944 737 1032 κύκλῳ
754 944 814 1012 σὺν
829 959 905 1024 ταῖς
921 940 1026 1031 ἆψίσι
1040 943 1099 1034 τὴν
1111 943 1259 1032 σύριγγα,
1272 943 1328 1010 ἵνα
1345 935 1466 1010 σκεπά-

311 1040 406 1128 ζηται
430 1041 477 1122 είς
501 1038 602 1134 αὖτὴν
624 1041 644 1135 ἡ
668 1053 786 1134 κεραία
809 1045 950 1115 έσωθεν.

397 1244 481 1334 [Τοῦ
502 1247 566 1335 γὰρ
589 1249 686 1337 ἔργου
708 1252 818 1330 καλῶς
841 1251 1124 1336 διατυπουμένου,
1156 1251 1216 1316 τοῦ
1243 1242 1467 1333 άρχιτέκτονος

310 1343 411 1416 τοῦθ’
445 1344 633 1436 εὑρίσκωσι
662 1345 813 1432 εὗδοξία·
854 1351 939 1420 κατά
970 1353 1006 1419 δὲ
1035 1351 1133 1438 λόγον
1162 1350 1397 1435 έκτεθειμένου
1429 1347 1467 1414 τὰ

312 1449 535 1537 συντάγματα,
558 1457 716 1540 μέγιστον
740 1453 806 1534 ἕξει
827 1455 922 1533 κλέος
944 1467 1016 1533 τοῖς
1038 1449 1299 1542 ὑπομνήμασιν.)

400 1551 467 1622 Τόν
491 1550 527 1620 δέ
549 1554 675 1642 κόρακα
698 1551 737 1623 υό
760 1579 851 1644 φημι
874 1554 962 1626 εἶναι
985 1551 1083 1636 άξισν
1105 1557 1319 1644 κατασκευῆς.

401 1755 469 1844 Τὴν
492 1757 528 1824 δὲ
551 1757 748 1844 ἐπιβάθραν
770 1759 809 1828 όν
831 1759 960 1848 τρόπον
983 1759 1036 1827 δεῖ
1054 1758 1217 1846 γενέσθαι
1238 1755 1419 1845 προειπών
1441 1754 1470 1823 ἐν

312 1857 397 1947 ἀρχῇ
427 1859 591 1948 δηλώσειν
625 1853 721 1928 οὐδὲν
756 1860 1012 1950 διεσαφήνισεν·
1062 1853 1134 1928 εὗδ’
1172 1857 1256 1944 ὑπὲρ
1288 1862 1356 1927 τῶν
1390 1857 1469 1926 κατὰ
1552 1855 1553 1858 ’

311 1959 488 2033 θάλατταν
523 1962 559 2029 δέ
592 1955 686 2050 αὐτῷ
718 1966 816 2046 †(an
840 1961 898 2032 διὰ
927 1965 1047 2044 νεῶνλ)
1074 1963 1337 2049 προσαγομένων
1374 1962 1471 2048 ἔργων

313 2062 517 2150 δεδήλωται·
556 2055 641 2131 άλλὰ
665 2068 850 2133 καὶταῦτα
872 2079 1047 2149 παρεῖται,
1077 2070 1190 2132 καίτοι
1213 2063 1347 2153 σφόδρα
1372 2063 1471 2150 έπαγ-

312 2165 472 2251 γελτικῶς
497 2168 554 2233 καὶ
581 2167 735 2253 μεγάλως
758 2171 991 2256 ποιησαμένου
1013 2165 1091 2244 τοὺς
1114 2165 1243 2252 λόγους.
1287 2162 1413 2253 [Ημεῑς
1441 2157 1468 2230 δ’

313 2265 507 2355 ἐγράψαμεν
530 2273 668 2354 πρῶτον
687 2270 833 2358 χελώνης
853 2268 1039 2354 χωστρίδας
1062 2266 1280 2357 κατασκευήν,
1312 2263 1388 2336 είτα
1411 2269 1472 2333 τῶν
1555 2292 1556 2360 η

314 2364 426 2436 ἄλλων
446 2370 714 2461 μηχανημάτων.)

403 2475 510 2539 Τοῦτο
525 2471 564 2540 τό
582 2473 754 2559 σκεύασμα
774 2478 829 2555 (σε.
842 2471 991 2561 χελώνης
1010 2469 1210 2560 χωστρίδας)
1232 2471 1335 2560 (φησὶ
1361 2473 1473 2538 Φίλων
1556 2486 1557 2558 χ

156 2589 213 2638 Ath·
226 2603 248 2645 p·
266 2591 298 2634 ¹⁶·
313 2571 331 2644 ό
345 2567 552 2662 Ἀθηναῖος)
563 2574 727 2664 χρήσιμον
746 2577 751 2659 Ι
772 2571 860 2643 είναι
882 2574 969 2660 πρός
989 2574 1045 2660 <τε
1067 2572 1128 2652 τὰς
1149 2579 1324 2660 γινομένας
1346 2573 1398 2652 είς
1418 2570 1472 2658 τὴν

313 2675 537 2764 προσαγωγὴν
553 2679 621 2743 τῶν
635 2675 880 2766 μηχανημάτων
896 2675 1068 2763 παρόδους
1090 2677 1147 2742 καὶ
1169 2673 1230 2754 τὰς
1252 2675 1474 2763 παρεκτάσεις

313 2781 379 2846 τῶν
404 2778 532 2846 πεδίων
547 2779 649 2859 (codd.
665 2779 825 2860 σταδίων)
840 2779 914 2867 καί)
935 2776 997 2857 τὰς
1019 2778 1200 2866 συγχώσεις
1224 2780 1291 2844 τῶν
1319 2776 1473 2864 τάφρων·

312 2882 388 2965 (καὶ
405 2878 465 2946 ἐάν
479 2905 555 2947 τινα
572 2874 674 2947 άλλον
690 2880 798 2948 τόπον
815 2880 872 2969 δέῃ
886 2880 1026 2968 χῶσαι.)
1051 2883 1229 2970 Χρήσιμον
1253 2879 1289 2946 δὲ
1310 2882 1368 2947 καὶ
1392 2878 1474 2964 πρὸς

313 2981 377 3060 τὰς
400 2981 561 3070 έφεδρίας
582 2984 683 3049 τοῦτο
705 2988 844 3068 γίνεται.

400 3078 573 3171 Πήγνυται
609 3083 645 3150 δὲ
676 3078 757 3172 αὖτε)
789 3083 838 3163 είς
867 3083 1021 3171 έσχάρισν
1052 3083 1276 3170 τετράγωνον,
1311 3083 1386 3166 ἐ’χον
1420 3081 1475 3168 τὴν

315 3184 465 3275 πλευράν
481 3183 622 3273 ἑκάστην
637 3189 753 3275 πηχῶν
769 3173 835 3254 Π·
874 3185 942 3269 έχει
959 3185 995 3251 δέ
1009 3187 1066 3253 καλ
1089 3183 1307 3272 διαπήγματα
1329 3187 1475 3270 τέσσαρα

314 3292 370 3358 καλ
395 3287 638 3376 περιπήγματα
661 3287 729 3370 δόυ,
752 3286 796 3354 τά
818 3287 878 3372 μὲν
900 3287 991 3377 πάχη
1015 3285 1132 3370 ἔχοντα
1155 3287 1234 3354 δέκα
1257 3287 1414 3369 δάκτυλα,
1436 3285 1474 3352 τά

318 3393 353 3460 δὲ
369 3391 481 3480 πλάτη
493 3389 734 3477 τριπάλαιστα.
757 3389 946 3478 Διάπηγμα
962 3388 1101 3457 ἕκαστον
1117 3383 1269 3473 άπεχέτω
1285 3389 1345 3457 δόο
1361 3389 1476 3478 πήχεις

316 3497 371 3561 καὶ
402 3490 594 3581 παλαιστὴν
623 3491 690 3560 ἕνα.
735 3490 920 3576 Λαμβάνει
946 3490 983 3557 δὲ
1006 3485 1222 3575 άμαξίποδας
1244 3490 1365 3580 ἑκάστη
1387 3491 1476 3577 χώρα

315 3595 507 3683 (τεσσάρων
536 3597 603 3661 τῶν
631 3592 665 3662 έν
694 3606 769 3672 ταῖς
796 3595 962 3680 γωνίαις),
992 3591 1026 3659 έν
1057 3591 1108 3672 οίς
1131 3597 1334 3682 στρέφονται
1358 3595 1391 3662 οἱ
1413 3597 1475 3661 τῶν

318 3699 445 3782 τροχῶν
469 3692 584 3776 άξονες
607 3689 865 3779 ἀποκλειόμενοι
888 3693 1046 3774 σπάθαις
1070 3695 1239 3784 σιδηραῖς·
