3134 4986
473 379 652 448 Quaestiones
670 345 896 436 Posidorriunee.¹
1192 381 1258 442 343

93 555 297 637 teorologiee
308 553 502 642 uocabulum
518 551 560 620 de
572 554 612 621 iis
624 553 680 637 qui
691 559 766 620 ante
777 553 983 620 Aristotelem
994 551 1130 620 floruere
1140 553 1182 620 ab
1195 573 1261 620 uno

95 657 246 740 Diogene
261 655 480 740 Apollonieis,
503 655 611 738 quode
629 655 714 720 inira
727 654 912 722 edeuratius
927 654 1051 740 videro,
1073 655 1196 738 absque
1212 657 1258 722 iu-

94 758 216 826 risione
231 756 413 824 edhibitum
429 758 558 828 seimus.
584 757 699 840 Neque
714 775 793 826 vero
808 763 895 831 serto
911 757 1062 840 eognosei
1076 762 1262 840 potestque

92 857 280 942 signideetu
303 857 357 925 hie
371 859 428 924 illo
444 859 603 926 vocabulo
619 878 696 930 usus
711 859 761 926 sit.
796 858 914 926 Verum
931 859 1016 927 euim
1031 878 1108 926 vero
1123 859 1260 944 adparet

92 961 291 1044 quicumque
312 961 577 1044 meteorologiam
596 960 775 1028 doctrinam
789 959 831 1028 de
846 961 942 1028 rebus
956 959 1148 1028 sublimibus
1163 962 1259 1028 iuter·

92 1067 273 1146 metentur,
289 1067 433 1130 meteore
447 1063 600 1132 sublimia
614 1081 687 1130 esse
702 1067 844 1129 statuant
857 1081 991 1130 neeesse
1006 1081 1092 1145 esse;
1115 1063 1257 1146 quieum-

92 1184 159 1248 que
176 1165 322 1232 uieissim
336 1169 481 1230 meteora
495 1164 687 1247 intellegunt
701 1165 857 1232 eoelestia
871 1184 928 1232 seu
944 1165 1100 1232 eoelestia
1114 1170 1147 1230 et
1160 1164 1259 1230 subli-

92 1267 170 1346 mia,
184 1267 226 1332 iis
238 1284 310 1334 esse
320 1267 586 1350 meteorologiem
596 1266 778 1333 doctrinam
791 1266 832 1334 de
842 1267 940 1334 rebus
948 1266 1142 1334 eoelestibus
1152 1285 1210 1337 seu
1217 1265 1259 1332 de

94 1369 291 1437 caelestibus
308 1375 341 1435 et
366 1369 566 1438 sublimibus.
604 1367 658 1435 Sic
674 1369 867 1435 Aristoteles
889 1368 944 1433 vel
965 1367 1073 1452 potius
1095 1368 1151 1451 qui
1166 1368 1257 1434 lihel-

93 1471 162 1541 lum
174 1463 239 1536 ‘De
255 1462 389 1553 plentis'
408 1471 547 1536 eouieeit
557 1491 608 1537 res
620 1472 653 1536 in
666 1459 956 1552 ‘Meteorologieis’
975 1474 1128 1536 treetatus
1139 1469 1259 1536 diserte

93 1573 244 1657 adpellet
264 1577 416 1640 meteore
447 1571 496 1638 cf.
516 1565 580 1637 ‘De
595 1563 726 1656 plantis'
745 1573 767 1638 l.
779 1571 812 1638 11
827 1592 858 1655 p.
872 1573 935 1638 822
943 1572 974 1654 b,
990 1573 1031 1634 32
1039 1591 1109 1654 sqq.
1127 1571 1178 1637 ed.
1193 1592 1258 1638 ee:

93 1673 333 1757 ἐκτεθείκαμεν
355 1671 393 1737 tl
417 1670 529 1748 αἰτίας
550 1673 630 1758 περὶ
652 1675 712 1757 τῆς
732 1674 892 1757 γενέσεως
907 1673 974 1736 τῶν
989 1673 1105 1758 πηγῶν
1119 1673 1176 1736 καὶ
1191 1674 1258 1738 τῶν

94 1778 261 1860 ποταμῶν
284 1773 318 1841 ἒν
343 1776 392 1860 τῴ
414 1769 565 1860 ἡμετέρῳ
580 1775 702 1860 βιβλίῳ
718 1777 767 1859 τῷ
783 1775 863 1856 περὶ
878 1771 1055 1857 μετεώρων
1070 1772 1123 1854 (ef.
1139 1774 1258 1858 Agath.

94 1883 127 1946 in
139 1875 287 1948 ‘Anthel
304 1869 381 1945 Pal.²
400 1879 421 1946 l.
436 1879 486 1944 XI
501 1882 575 1962 354,
592 1875 695 1960 usu).
732 1877 800 1944 Sed
822 1897 864 1944 ne
881 1884 1003 1944 temere
1018 1877 1130 1942 ieeisse
1145 1876 1260 1944 videar

94 1983 181 2068 quod
204 1983 249 2048 de
271 1987 417 2050 veterum
438 2000 500 2047 usu
522 1981 613 2048 voeis
635 1986 801 2046 meteoron
823 1979 1028 2060 adseverem,
1054 1996 1123 2044 rem
1145 1980 1258 2061 paueis

95 2083 371 2170 eomprehendam
386 2080 467 2150 mihi
482 2083 596 2150 sentio.
631 2082 860 2148 Pereurramus
875 2082 903 2147 si
918 2081 1026 2165 plaeet
1040 2079 1141 2146 libros
1157 2078 1259 2146 homi·

94 2208 169 2254 num
202 2186 378 2257 Aristotele
411 2186 555 2268 priorum
589 2185 855 2266 excutiemusque
888 2182 977 2250 loeus
1011 2182 1066 2248 ubi
1100 2181 1260 2250 voeabula

94 2298 270 2371 meteoron,
292 2288 546 2370 meteorologon,
569 2292 629 2352 eet.
645 2284 748 2352 eiusd.
764 2283 833 2350 rad.
849 2284 982 2355 obviam
996 2281 1085 2348 fiunt.
1115 2283 1259 2348 Plerum-

94 2411 156 2475 que
186 2389 322 2475 quidem
351 2408 432 2455 νοτε
454 2395 619 2456 meteoron
642 2387 794 2454 sublimia
816 2393 850 2452 et
872 2384 1027 2452 eoelestia
1048 2383 1258 2467 eomprehen-

96 2494 215 2560 duntur
237 2493 291 2560 uel
313 2490 402 2575 quod
423 2489 512 2556 idem
534 2490 623 2555 valet
644 2489 752 2554 omnia
772 2507 857 2571 quae
872 2506 970 2570 supra
985 2491 1102 2553 terrem
1117 2484 1198 2552 fiunt
1211 2493 1258 2552 et-

96 2617 158 2680 que
192 2597 227 2662 in
255 2595 349 2664 ⁴eaelo
379 2592 627 2676 conspiciuntur.
672 2589 763 2668 Quae
791 2590 841 2656 vis
869 2589 919 2655 illi
947 2587 1021 2656 voei
1048 2587 1196 2654 omuibus
1218 2587 1259 2652 iis

96 2700 176 2766 loeis
200 2699 313 2766 subest
333 2697 367 2762 in
390 2694 505 2778 quibus
529 2695 560 2760 ei
583 2713 666 2777 quae
689 2693 772 2758 iufra
794 2696 912 2756 terrem
933 2696 991 2754 sut
1012 2707 1095 2771 quae
1118 2688 1151 2752 in
1174 2695 1260 2754 terre

98 2808 171 2867 suut
192 2804 408 2884 opponuntur.
446 2797 555 2862 Veluti
577 2795 666 2878 apud
688 2794 920 2878 Hippocratem
938 2784 1003 2856 ‘De
1026 2797 1135 2856 vetere
1158 2789 1259 2855 medi-

96 2893 180 2970 eina'
208 2903 289 2985 (lup.
308 2901 335 2982 1,
358 2919 389 2982 p.
406 2901 469 2981 2,1
493 2918 609 2981 proxx.
653 2895 839 2962 Kuehlew.:
864 2889 916 2958 διὸ
941 2883 999 2956 οὐκ
1020 2883 1134 2978 ἠξίουν
1158 2883 1259 2975 αὐτὴν

99 3003 154 3087 (se.
184 3001 245 3091 τὴν
277 2997 443 3085 ἰατρικήν)
477 2996 579 3082 ἔγωγε
610 2999 726 3084 καινῆς
756 2991 947 3071 ὑποθέσιος
973 2993 1113 3059 δεῖσθαι
1143 2983 1259 3077 ὥσπερ

99 3105 139 3170 τὰ
162 3099 297 3194 ἀφανέα
319 3125 356 3167 τε
377 3101 433 3166 καὶ
456 3092 687 3184 ἀπορεόμενα,
717 3100 797 3182 περὶ
818 3090 863 3164 ὧν
886 3093 1024 3182 ἀνάγκη,
1045 3088 1087 3179 ἥν
1108 3117 1160 3170 τις
1182 3092 1259 3160 ἐντι-

97 3219 190 3296 χειρῇ
209 3215 247 3273 ’τι
270 3205 386 3288 λέγειν,
409 3199 579 3268 ὑποθέσει
598 3204 758 3288 χρῆσθαι,
783 3199 855 3266 οῖον
878 3199 977 3284 περὶ
1000 3198 1081 3262 τῶν
1102 3195 1260 3279 μετεώ-

100 3333 178 3389 ρων
199 3297 221 3394 ἢ
244 3309 324 3372 ταῖν
346 3299 426 3370 ὑπὸ
449 3307 523 3392 γῆν
545 3305 668 3382 (malim
690 3305 778 3386 γῆς);
804 3303 893 3386 apud
915 3303 1084 3366 Platonem
1106 3301 1140 3370 iu
1159 3293 1259 3382 cApe·

100 3404 201 3494 logie'
226 3432 260 3495 p.
286 3408 359 3474 1813
382 3407 438 3484 (de
461 3406 621 3484 Socratelz
651 3403 748 3470 τότε
769 3406 957 3486 μετέωρα
980 3397 1182 3488 φροντιστὴς
1204 3401 1260 3464 καὶ

99 3509 145 3576 τὰ
167 3507 249 3576 ὑπὸ
270 3511 341 3596 γῆς
364 3505 500 3572 ἅπαντα
516 3499 735 3592 ἆνεζητηναός;
758 3505 836 3572 ibid.
853 3527 885 3590 p.
902 3505 996 3570 23D:
1011 3499 1059 3566 τὰ
1073 3504 1261 3585 μετέωρα

101 3613 156 3677 καὶ
185 3610 235 3678 τὰ
263 3605 343 3676 ὑπὸ
369 3611 451 3694 γῆς.
495 3611 676 3676 Terrestria
697 3615 805 3674 autem
828 3607 980 3674 meteoris
1002 3611 1206 3688 opponuntur
1227 3605 1261 3668 in

102 3714 271 3799 Eupolidis
293 3714 408 3794 fragm.
434 3714 495 3778 146
518 3711 549 3776 b.
573 3709 669 3778 Keek
691 3710 745 3788 (de
768 3709 974 3791 Protagoralz

229 3811 267 3891 ὃς
290 3806 524 3891 ἂλαζονεύεται
545 3810 606 3893 μὲν
628 3805 801 3896 ἁλιτήριος

229 3916 310 3999 περὶ
332 3917 411 3980 τῶν
434 3911 670 3998 μετεώρων,
694 3909 742 3976 τὰ
766 3910 802 3976 δὲ
823 3911 1017 3992 χαμᾶθεν
1040 3907 1162 3975 ἐσθίει.

187 4019 304 4086 Rarius
326 4023 493 4084 meteoron
515 4037 596 4084 voce
612 4015 804 4082 denotantur
819 4031 955 4098 corpora
970 4012 1132 4079 eoelestia.
1170 4011 1262 4077 Heee

106 4119 191 4186 notio
214 4119 386 4188 statuenda
407 4119 536 4186 videtur
557 4117 645 4201 apud
661 4117 829 4182 Platonem
850 4115 884 4179 in
903 4105 1054 4198 ‘Prolem³
1080 4135 1111 4198 p.
1129 4117 1191 4180 315
1208 4113 1261 4191 (de
