3198 4974
234 395 276 450 De
293 394 417 451 fontibus
434 394 559 465 Dionysii
576 391 825 450 Halicarnassensis
843 391 1018 460 quaestiones
1035 389 1135 445 variae.
1208 389 1268 448 191

113 569 237 636 Antiati
257 575 289 636 ct
304 569 455 652 Dionysii
477 566 529 635 his
551 569 584 634 in
606 568 753 652 partibus
774 565 898 632 auctori
920 564 1050 650 saepius
1072 582 1170 628 unum
1194 581 1269 628 eun·

114 672 252 755 demque
266 671 389 737 fontem
404 689 477 737 esse
500 667 693 736 exhaustum
715 669 803 735 idem
817 665 970 734 Virckius
992 665 1112 733 docuit.
1155 665 1270 747 Itaque

113 773 254 856 suspicio
271 773 371 838 oritur
391 791 433 838 ne
449 773 613 837 Antiatem
638 770 770 854 quidem
788 770 879 834 illam
901 767 1045 833 fabulam
1067 767 1269 850 cognovisse,

112 873 321 942 Plutarchum
336 879 454 957 autem,
477 875 556 957 quia
569 872 829 938 narratiunculae
847 869 890 936 de
913 888 1011 935 manu
1032 875 1117 937 tosta
1137 868 1270 936 aliunde

113 978 174 1043 sibi
201 983 298 1044 notae
326 975 566 1058 recordaretur,
596 975 638 1042 ab
667 974 799 1039 Antiate
827 971 880 1038 hic
908 971 1082 1038 recessisse
1110 976 1143 1037 ct
1170 971 1271 1036 alium

114 1095 210 1162 qucm
226 1081 415 1164 scriptorem
431 1077 541 1144 adisse
553 1077 608 1143 vel
624 1095 666 1142 cx
677 1075 835 1140 memoria
846 1093 918 1140 eam
929 1071 1108 1140 addidisse.
1131 1073 1271 1141 Antiatis

112 1200 191 1248 vero
220 1180 262 1248 de
284 1181 391 1247 Mucio
418 1180 637 1246 narrationem
663 1197 727 1243 non
750 1175 1008 1259 vulgatissimam
1030 1195 1091 1242 nec
1113 1174 1178 1241 fide
1201 1174 1270 1258 dig·

112 1283 279 1349 nissimam
293 1283 356 1349 sibi
370 1283 475 1348 visam
491 1297 563 1346 esse
578 1279 649 1362 ipse
666 1276 858 1344 Plutarchus
880 1279 989 1346 verbis
1012 1297 1110 1363 supra
1132 1278 1271 1344 laudatis

112 1383 317 1467 significavit.
340 1383 475 1449 Prorsus
486 1381 585 1464 igitur
599 1379 662 1446 hac
677 1381 711 1446 in
725 1399 761 1448 re
776 1380 935 1464 astipulor
945 1381 1079 1448 Virckio
1094 1385 1137 1465 tp.
1147 1386 1187 1448 79
1200 1386 1272 1465 sq),

112 1506 176 1552 una
192 1491 301 1552 tamen
322 1503 358 1551 rc
381 1491 533 1568 excepta:
558 1484 690 1549 minus
713 1483 818 1548 enim
841 1480 1087 1548 crediderim
1110 1484 1273 1550 Livium

112 1589 244 1655 fuisse
274 1585 488 1652 Plutarchi
516 1590 732 1652 auctorem.
777 1583 816 1648 Id
845 1602 923 1649 saue
944 1603 1010 1650 non
1032 1585 1157 1666 obstat,
1184 1583 1273 1669 quod

112 1691 225 1756 Livius
241 1689 341 1754 multo
353 1688 465 1770 iusius,
481 1685 673 1753 Plutarchus
685 1687 818 1752 brevius
832 1685 976 1752 fabulam
989 1694 1126 1754 enarrat.
1149 1687 1271 1755 Conce-

113 1791 255 1858 dendum
284 1791 370 1856 enim
401 1791 462 1856 erit
490 1787 715 1869 Plutarchum,
750 1807 974 1871 quemcunque
1008 1789 1071 1854 sibi
1104 1790 1273 1873 proposuit

112 1900 288 1976 auctorem,
305 1893 374 1959 eius
388 1892 606 1958 narrationem
622 1891 833 1973 contraxisse,
855 1890 947 1956 cuius
963 1889 1011 1954 rei
1025 1895 1115 1956 certa
1132 1893 1274 1975 vestigia

112 1997 209 2064 facile
237 1995 390 2080 reperies.
441 1994 486 2059 At
513 1991 618 2059 nihilo
646 1994 762 2076 setius,
792 1994 821 2058 si
854 1993 984 2057 Livium
1015 1998 1144 2058 secutus
1178 1999 1273 2075 esset,

113 2117 211 2164 unum
243 2097 358 2164 saltem
387 2093 548 2162 adiecisse
577 2095 741 2179 putandus
770 2101 848 2160 erat.
893 2093 978 2159 Nam
1001 2113 1075 2160 cnm
1097 2093 1273 2162 Plutarcho

111 2205 244 2266 auctore
266 2197 432 2264 Porsenna
453 2197 560 2264 Mucio
589 2197 631 2262 ab
660 2198 728 2279 igni
750 2197 784 2261 vi
807 2201 932 2262 remoto
955 2195 1112 2279 gladium,
1134 2195 1273 2264 admira·

112 2301 200 2366 tione
223 2306 349 2383 captus,
371 2299 489 2366 reddat
511 2298 578 2371 (καὶ
592 2295 630 2362 τὸ
648 2296 748 2384 ξίφος
764 2289 952 2372 ἀποδιδοὺς
974 2289 1095 2379 ὤρεξεν
1118 2289 1189 2362 ἀπὸ
1214 2299 1274 2362 τοῦ

110 2393 285 2488 βήματος),
308 2402 421 2468 Livius
444 2401 476 2466 II
501 2404 550 2484 12,
575 2401 615 2464 13
630 2419 701 2482 sqq.
725 2400 767 2466 de
790 2399 853 2465 hac
874 2417 910 2465 re
932 2407 1027 2466 tacet.
1072 2400 1115 2466 At
1136 2402 1274 2468 fortasse

112 2503 176 2572 hic·
196 2504 388 2588 opposuerit
415 2503 579 2586 quispiam
608 2499 695 2566 haud
724 2504 770 2567 ita
797 2522 871 2568 raro
901 2503 1025 2568 maiore
1048 2521 1121 2568 cum
1143 2502 1276 2568 licentia

112 2604 323 2672 Plutarchum
337 2611 504 2670 auctorum
519 2604 721 2670 narrationes
737 2603 956 2670 exornavisse.
988 2603 1048 2670 (ini
1069 2603 1275 2686 respondebo

111 2709 210 2775 aliam
242 2727 323 2790 rem,
338 2705 427 2790 apud
456 2705 665 2772 Plutarchum
695 2725 783 2787 esse,
813 2725 999 2789 quaecum
1029 2706 1062 2771 in
1090 2707 1276 2772 narratione

111 2807 493 2890 Livianadesidcrctur,
522 2808 556 2872 in
578 2807 731 2892 Dionysii
753 2805 794 2885 (V
817 2809 869 2888 28,
895 2813 925 2883 1)
947 2807 1041 2874 redit.
1085 2807 1185 2892 Apud
1200 2808 1275 2874 Plu·

113 2909 262 2978 tarchum
294 2909 380 2976 enim
410 2910 565 2994 scriptum
587 2910 670 2993 legis
692 2910 851 2994 Mucium,
874 2929 915 2976 ne
938 2909 1078 2977 hostium
1101 2916 1207 2977 castra
1227 2911 1275 2976 in·

112 3031 244 3097 gressrm
276 3012 440 3079 Romanus
463 3031 535 3078 esse
558 3019 822 3096 cognosceretur,
852 3011 989 3078 Etrusca
1014 3017 1105 3079 veste
1128 3011 1276 3079 indutum

114 3115 251 3182 Etrusco
274 3133 420 3181 sermone
442 3134 537 3181 usum
559 3133 631 3181 esse
653 3113 747 3190 (Sint.
765 3117 838 3196 207,
861 3115 920 3176 23:
947 3112 1137 3196 Τυρρηνίδα
1159 3115 1276 3198 φορῶν

114 3214 248 3302 ἐσθῆτα
283 3216 340 3281 καὶ
375 3217 473 3303 φωνῇ
505 3214 675 3299 χρώμενος
708 3213 840 3301 ὁμοίᾳ);
874 3235 972 3300 quam
1004 3233 1073 3281 rem
1107 3221 1277 3300 utramque

113 3319 235 3385 frustra
259 3319 388 3401 quaeris
410 3318 499 3402 apud
521 3319 650 3384 Livium
673 3319 772 3401 1112,
797 3323 832 3392 53
854 3317 990 3384 alteram
1016 3319 1130 3384 saltem
1153 3319 1277 3402 reperis

115 3422 149 3486 in
173 3421 336 3504 Dionysio
358 3420 455 3504 V28,
474 3425 503 3503 l,
525 3421 583 3487 ubi
604 3421 682 3486 item
704 3420 830 3486 Mucius
852 3420 989 3486 Etrusca
1009 3420 1121 3502 lingua
1142 3419 1278 3502 loquens

113 3521 291 3589 inducitur.
336 3521 372 3588 si
394 3541 473 3588 uero
489 3524 625 3608 scriptor
647 3523 767 3606 aliquis
788 3521 830 3587 ab
853 3523 919 3588 alio
942 3519 1098 3588 recedens
1121 3541 1193 3588 cum
1211 3523 1278 3589 alio

114 3623 294 3704 consentit,
323 3623 358 3689 id
387 3643 466 3690 casu
493 3627 614 3690 iactum
637 3643 709 3693 csse
731 3625 789 3690 vix
810 3629 933 3709 potest,
961 3624 1060 3688 immo
1082 3639 1188 3706 paene
1211 3641 1278 3690 cer·

113 3726 279 3793 tissimum
314 3732 369 3792 est
390 3723 616 3810 argumentum
643 3727 881 3794 consentientes
909 3726 984 3791 illos
1012 3723 1123 3805 aliquo
1145 3725 1277 3791 vinculo

114 3828 200 3893 inter
217 3847 253 3894 se
271 3845 342 3894 esse
357 3845 509 3895 conexos.
544 3829 630 3912 Ergo
654 3828 716 3898 hac
732 3830 771 3894 in
793 3847 829 3894 re
844 3825 1037 3894 Plutarchus
1058 3843 1123 3891 non
1138 3825 1278 3910 Livium,

116 3975 181 4031 dote
205 3992 260 4031 von
280 3977 340 4032 dem
357 3978 432 4032 alten
450 3977 556 4034 Mueier
573 3983 629 4034 erst
646 3993 682 4032 an
701 3977 743 4033 die
761 3977 908 4034 Scaevolae
925 3975 1059 4046 geknupit
1075 3976 1124 4042 ist,
1148 3976 1189 4031 als
1207 3977 1280 4032 diese

113 4059 379 4213 gauggosgriilclle
397 4061 512 4131 spiclten
530 4062 587 4118 und
604 4061 740 4118 vielleicht
757 4069 813 4118 erst
830 4061 879 4117 mit
896 4061 963 4118 oder
979 4061 1048 4114 lrurz
1061 4071 1113 4117 ¹tor
1124 4061 1219 4118 Livius
1236 4061 1280 4117 dle
