3198 4974
818 1291 964 1360 cAPUT
986 1291 1044 1356 III.

509 1441 569 1520 Dc
594 1440 790 1518 Plutarchi
817 1440 855 1517 O.
877 1439 1025 1519 Marcii
1049 1440 1241 1520 Coriolani
1261 1448 1346 1522 vito.

434 1635 556 1710 Restat,
579 1632 768 1714 priusquam
790 1629 833 1695 ad
858 1631 1052 1712 Dionysium
1075 1651 1135 1698 nos
1157 1640 1397 1717 convertamus,
1420 1643 1454 1702 ut
1467 1636 1501 1701 de

345 1737 489 1804 lontibus
511 1736 596 1800 alius
612 1731 779 1798 Plutarchi
801 1732 878 1797 libri
901 1732 1108 1798 disseramus.
1152 1732 1198 1800 Ut
1220 1736 1305 1800 enim
1330 1738 1411 1802 olim
1434 1739 1500 1803 viris
1560 1743 1561 1824 ζ

346 1838 453 1905 doctis
481 1837 656 1920 probatum
679 1840 728 1899 est
762 1833 796 1897 iu
825 1833 894 1898 vita
915 1833 1106 1900 Publicolae
1128 1836 1323 1918 exponenda
1345 1839 1501 1906 Valerium
1560 1891 1561 1920 1

345 1941 512 2006 Antiatem
534 1934 746 2003 aPlutarcbo
769 1935 929 2018 imprimis
952 1953 1024 2002 esse
1048 1953 1248 2020 expressum,
1271 1939 1318 2004 ita
1340 1960 1438 2024 spero
1458 1959 1501 2006 ms
1560 1931 1561 2016 l

344 2041 406 2108 tibi
434 2058 663 2124 persuasurum
694 2056 781 2120 esse,
812 2038 910 2102 etiam
933 2035 1150 2103 Coriolani
1178 2036 1266 2106 facta
1290 2039 1427 2126 lataque
1447 2063 1501 2108 non

346 2161 365 2209 e
382 2142 542 2225 Dionysio
557 2139 839 2206 Halicamassensi
855 2139 936 2219 solo,
960 2137 1019 2205 sed
1033 2144 1163 2222 praeter
1178 2138 1265 2206 hunc
1281 2161 1323 2208 ex
1338 2145 1501 2211 annalibus
1560 2179 1561 2226 2

346 2244 503 2312 Romanis
526 2260 598 2308 esse
620 2241 733 2324 petita.
1560 2231 1561 2252 ¹

434 2343 530 2424 Quod
552 2343 691 2410 tortasse
712 2342 857 2423 miraris,
887 2361 960 2408 cum
983 2341 1024 2406 H.
1047 2342 1182 2428 Peter,
1206 2345 1257 2410 vir
1278 2349 1312 2410 iu
1335 2345 1500 2413 Plutarcho

349 2446 604 2526 versatissimus,
643 2445 727 2509 inter
757 2462 869 2509 omnes
899 2450 1047 2510 constare
1083 2444 1172 2511 dicat
1204 2445 1368 2512 Coriolani
1411 2449 1500 2513 vitam
1560 2457 1561 2492 l

347 2569 454 2634 paene
477 2554 579 2614 totam
603 2566 644 2612 ex
671 2545 831 2629 Dionysio
853 2545 1006 2629 pendere.
1059 2545 1123 2611 Sed
1147 2548 1290 2630 ratione,
1320 2569 1408 2631 quae
1431 2549 1501 2614 inter
1560 2581 1561 2584 ¹

347 2651 542 2734 Dionysium
586 2655 619 2714 et
657 2645 867 2712 Plutarchum
904 2646 1098 2729 intercedit,
1137 2650 1202 2712 iam
1233 2649 1425 2738 ,Haerenius
1462 2652 1499 2714 in·

345 2751 462 2818 ductus
493 2755 558 2832 est,
588 2756 623 2814 ut
652 2769 694 2814 ex
724 2747 886 2815 communi
914 2748 1002 2814 fonte
1032 2755 1065 2814 et
1094 2749 1244 2834 Dionysii
1278 2759 1310 2817 et
1343 2751 1501 2818 Plutarchi
1560 2759 1561 2816 Ξ

346 2853 547 2920 narrationes
555 2869 706 2918 manasse
718 2847 965 2925 contenderes)
983 2847 1087 2926 Quam
1099 2853 1291 2918 sententiam
1300 2873 1499 2938 quamquam,
1560 2845 1561 2912 5

345 2957 374 3023 si
397 2972 556 3021 summam
580 2953 650 3020 eius
673 2956 817 3036 spectas,
840 2970 899 3016 suo
922 2952 991 3016 iure
1015 2950 1056 3015 H.
1075 2951 1171 3018 Peter
1192 2954 1295 3036 reicit,
1318 2961 1433 3022 tamen
1446 2974 1500 3020 nou
1560 3027 1561 3032 .

345 3055 643 3124 omnibusnumcris
655 3055 771 3120 falsam
783 3072 865 3135 esse,
878 3053 937 3118 sed
948 3071 1049 3136 prope
1061 3053 1128 3118 iam
1135 3054 1330 3120 Haerenium
1343 3057 1389 3122 ad
1397 3076 1500 3123 vemm
1560 3139 1561 3144 ἵ

344 3158 522 3226 accessisse
552 3157 659 3222 credo.
704 3154 791 3222 Illud
821 3155 906 3219 onim
932 3155 1091 3220 asserenti
1113 3155 1229 3221 Petero
1252 3159 1425 3241 astipulari
1446 3177 1501 3223 non
1560 3213 1561 3232 ,

343 3279 495 3346 possum,
525 3259 655 3325 tametsi
676 3277 779 3342 nuper
801 3277 823 3322 a
843 3257 991 3322 Korbero
1013 3275 1119 3340 paene
1142 3257 1229 3323 idem
1251 3260 1428 3340 repetitum
1450 3265 1499 3339 cst,
1560 3265 1561 3312 l

345 3359 554 3428 Plutarchum
583 3360 680 3426 rebus
708 3357 873 3425 nonnullis
903 3359 936 3422 in
965 3359 1079 3440 primis
1109 3365 1235 3444 septem
1263 3361 1428 3445 capitibus
1454 3380 1500 3426 ex·

345 3464 449 3548 ceptis
478 3481 608 3546 unaque
636 3463 670 3527 in
699 3482 770 3544 cap.
794 3464 814 3526 9
844 3465 946 3526 totum
972 3459 1016 3525 ad
1038 3460 1231 3545 Dionysium
1253 3481 1289 3527 se
1311 3464 1499 3546 applicasse.

431 3563 503 3629 Hoc
518 3583 596 3630 sane
612 3563 853 3630 concedendum
869 3569 918 3629 est
938 3562 1000 3628 hac
1021 3561 1056 3626 in
1079 3562 1147 3656 vita
1168 3565 1388 3630 narrationem
1403 3566 1500 3630 minus

345 3666 442 3733 lacile
459 3685 555 3748 quam
571 3667 604 3730 in
617 3655 807 3732 ‘Publicola'
831 3671 864 3730 et
885 3665 967 3731 alias
979 3661 1152 3744 ,interdum
1173 3663 1207 3728 in
1230 3663 1378 3732 diversas
1402 3666 1500 3732 diver·

345 3786 454 3834 sorum
469 3766 606 3832 fontium
629 3773 738 3849 partes
761 3766 917 3832 dissecari
938 3785 1045 3850 posse.
1091 3763 1196 3848 Quod,
1220 3772 1376 3849 quantum
1399 3767 1499 3844 rideo,

346 3875 379 3934 et
394 3868 469 3934 'alia
490 3888 601 3943 causa,
633 3886 731 3951 quam
754 3888 831 3934 mox
853 3869 1075 3952 apparituram
1101 3887 1213 3950 spero,
1242 3874 1275 3934 et
1297 3887 1336 3934 eo
1361 3869 1500 3947 efficitur,
1560 3919 1561 3942 ,

433 4037 458 4100 1)
475 4033 517 4089 De
527 4034 650 4090 lontibus
664 4038 691 4089 et
702 4035 869 4089 auctoritate
885 4032 1003 4088 vitarum
1021 4034 1117 4102 parall.
1131 4035 1204 4090 Plut.
1218 4039 1363 4090 comment.
1382 4038 1500 4104 quatuor.

345 4121 421 4176 Ghtt.
443 4123 517 4175 1820.
