3198 4974
259 364 302 419 De
318 362 444 419 fontibus
462 362 587 434 Dionysii
604 362 856 418 Halicarnassensis
874 363 1047 433 quaestiones
1064 363 1167 420 variae.
1238 363 1300 422 215

135 538 268 605 inventa
302 553 374 602 ιιιι
397 557 455 621 pro
485 542 573 603 certo
603 537 726 621 habeo,
757 544 865 603 tamen
895 537 1034 603 libenter
1061 535 1195 604 Virclxio
1225 557 1300 603 cou-

135 638 217 707 cedo
239 655 445 724 nequaquam
461 639 620 706 iuvidiam
635 640 838 706 Valeriorum
861 637 969 705 bisin
987 639 1133 722 partibus
1148 639 1300 723 Dionysii

134 761 286 828 persprcr.

221 843 290 911 Sed
312 841 470 908 refutavit
484 842 637 909 Virckius
660 843 906 910 ratiocinatione
929 861 988 909 sun
1002 842 1160 910 Nitnsohii
1175 845 1302 910 ratio·

134 946 405 1029 cinationem,
428 964 493 1011 non
515 945 619 1028 ipsam
643 965 733 1011 rem.
773 944 868 1026 Nam,
892 944 920 1010 si
943 945 1021 1027 quid
1036 945 1144 1028 video,
1167 946 1299 1011 minime

133 1047 302 1114 Nitasohio
331 1045 375 1112 ad
403 1046 522 1113 Licinii
551 1055 664 1113 eontra
690 1046 856 1112 Valeriam
885 1053 1013 1130 gentem
1043 1046 1200 1112 invidiam
1231 1054 1301 1113 erat

133 1147 382 1232 refugiendum..
420 1150 504 1217 Aliis
533 1149 620 1216 enim
649 1149 756 1216 causis
790 1148 819 1212 si
846 1166 882 1213 ιι
908 1167 988 1214 vera
1010 1148 1132 1214 Valerii
1160 1151 1300 1216 Antiatis
1372 1161 1374 1167 “

133 1252 324 1319 memoriam
347 1271 420 1318 cum
442 1252 668 1334 antiquissima
690 1249 831 1334 quadam
853 1249 1015 1315 nLicinio
1037 1251 1091 1317 vel
1106 1251 1193 1318 -si
1214 1251 1300 1317 alius

133 1355 164 1421 is
196 1355 258 1420 fuit
284 1389 328 1400 -
356 1354 398 1419 ab
428 1360 559 1420 auctore
588 1353 740 1437 Dionysii
768 1357 954 1418 contextam
984 1371 1055 1420 esse
1086 1350 1300 1419 demonstrari

133 1462 251 1540 potest,
275 1455 338 1522 hac
360 1456 433 1538 ipsa
454 1473 490 1520 re
512 1457 591 1522 satis
607 1456 798 1538 explicatur,
821 1453 984 1537 quomodo
1006 1453 1076 1520 fieri
1091 1455 1242 1538 potnerit,
1265 1461 1301 1520 ut

133 1557 188 1625 bic
210 1559 279 1624 illic
300 1575 353 1624 res
375 1559 630 1643 immutarentur,
653 1557 815 1623 interdum
837 1558 946 1638 etiam,
969 1553 1052 1622 forte
1074 1557 1179 1639 magis
1201 1576 1299 1641 qnam
1406 1615 1411 1624 .

132 1661 279 1743 consilio,
304 1659 505 1725 Valeriorum
522 1660 628 1743 gloria
650 1659 900 1725 imminueretur.
932 1657 1125 1725 Accedit-
1140 1659 1184 1741 id,
1209 1658 1298 1743 quod

131 1780 218 1828 nuno
241 1760 373 1845 quidem
396 1781 461 1827 non
482 1763 641 1847 appositis
663 1761 860 1842 argumentis
882 1761 1027 1844 prolerre
1049 1759 1130 1826 mihi
1144 1761 1243 1827 liceat
1258 1796 1299 1808 -

132 1863 223 1947 qued
244 1864 348 1929 multa
370 1863 458 1930 haud
487 1865 533 1929 ita
562 1865 642 1930 scite
665 1870 698 1928 et
726 1863 892 1944 eleganter
913 1863 1028 1928 Antias
1051 1861 1181 1928 videtur
1203 1883 1299 1931 exco-

131 1966 265 2049 gitasse,
288 1971 325 2030 ut
338 1967 462 2033 auctori
478 1967 639 2049 Dionysii,
663 1966 720 2048 qui
737 1966 915 2048 sagacitate
932 1965 1072 2047 quadam
1089 1971 1121 2031 et
1136 1966 1300 2050 elegantia

130 2086 184 2134 res
213 2085 408 2150 componere
431 2069 573 2152 solebat,
601 2069 704 2133 multa
732 2065 939 2151 displicuisse
968 2073 1218 2134 consentaneum
1247 2070 1298 2136 sit.

129 2169 249 2254 Neque
270 2170 353 2236 illud
374 2170 611 2254 neglegendum
636 2177 694 2251 ιιι,
718 2170 846 2236 etiamsi
869 2170 911 2235 ab
933 2170 1059 2236 Licinio
1080 2170 1244 2237 Antiatem
1267 2178 1300 2236 ιι

129 2271 294 2339 Pictorem
317 2274 505 2339 coniunctos
528 2291 600 2339 esse
620 2270 787 2338 Nitnsobio
810 2270 981 2355 concedas,
1005 2270 1088 2336 nihil
1110 2278 1218 2337 tamen
1242 2274 1298 2338 ob·

129 2381 234 2459 stare,
270 2375 441 2457 quominus
469 2374 614 2440 Licinius
649 2374 746 2439 etiarn
780 2374 863 2440 nlius
899 2374 1073 2456 scriptores
1108 2374 1297 2457 inspexerit.

129 2475 240 2553 Quare
263 2496 337 2542 meo
352 2477 484 2560 quidem
498 2476 620 2543 indicio
636 2473 795 2542 Nitusohii
817 2482 850 2542 ιι
865 2475 991 2542 Virclrii
1006 2477 1204 2558 argumentis
1220 2477 1298 2542 Dio·

128 2579 218 2661 nysii
239 2584 403 2645 auctorem
418 2577 541 2644 Valerii
554 2579 695 2644 Antiatis
710 2578 845 2644 annales
861 2577 1074 2661 exscripsisse
1096 2595 1202 2660 neque
1225 2597 1298 2661 prc-

127 2681 242 2747 batum
264 2687 314 2748 ιιι
335 2700 441 2764 neque
463 2679 645 2747 refutatum.

217 2784 366 2868 Apparet
387 2789 512 2866 autom,
535 2783 563 2851 si
586 2802 638 2850 ιιι
660 2782 754 2848 nobis
778 2786 865 2848 esset
887 2799 960 2848 oum
982 2781 1193 2866 scriptoribus
1215 2781 1298 2848 nibil
1422 2836 1424 2841 .

127 2885 195 2950 nisi
218 2886 468 2969 compilantibus
491 2905 559 2971 eoa,
582 2885 638 2969 qni
660 2892 757 2951 antea
778 2883 821 2949 de
843 2883 948 2950 isdem
970 2885 1067 2950 rebus
1089 2885 1297 2969 scripserunt,

126 2985 220 3052 band
255 2988 302 3053 ita
329 2988 400 3054 fore
428 2987 565 3054 difficile
592 2987 719 3052 duabus
755 2985 882 3052 collatis
910 2986 1073 3052 memoriis
1103 2985 1297 3070 discernere,

128 3095 238 3154 ιιιιιιιι
260 3089 365 3155 altera
387 3109 430 3156 ex
452 3091 556 3155 altera
576 3088 761 3172 dependeat
782 3106 894 3154 necne.
932 3086 1000 3152 Sed
1023 3089 1078 3170 qni
1101 3089 1298 3170 singularem

128 3191 223 3256 illam
245 3192 409 3257 annalium
431 3193 622 3276 scriptorum
637 3191 856 3257 Romanorum
878 3190 1037 3256 rationem
1055 3189 1297 3273 componendae

128 3291 287 3360 historiae
302 3295 507 3377 perspexerit
528 3295 667 3372 (scilicet
688 3313 744 3360 eos
766 3313 831 3358 non
853 3291 958 3358 solum
973 3292 1175 3375 superiorum
1197 3293 1298 3359 libros

129 3395 360 3480 exscripsisse,
390 3395 450 3462 sed
479 3397 577 3462 etiam
607 3397 813 3478 immutasse,
843 3392 1077 3478 amplificasse,
1107 3413 1165 3460 suo
1194 3393 1297 3461 Marte

128 3515 286 3580 novatam
309 3517 373 3563 non
396 3497 495 3565 modo
511 3517 609 3564 unum
626 3499 679 3564 vel
694 3499 804 3581 plures
819 3501 968 3562 auctores
991 3497 1146 3561 invicem
1170 3501 1298 3563 secutos

128 3617 214 3682 ιιιι,
236 3600 409 3684 sedsaepe
425 3602 639 3684 complurium
655 3601 828 3666 relationes
845 3599 992 3665 diversas
1007 3599 1041 3663 in
1056 3618 1153 3663 unam
1168 3617 1297 3684 novam,

127 3720 197 3767 nen
219 3702 289 3768 sine
311 3703 355 3784 vi,
379 3703 601 3786 contexuisse;
624 3721 689 3769 non
712 3703 816 3769 solum
838 3700 996 3783 veritatis,
1020 3700 1079 3767 sed
1102 3702 1200 3766 etiam
1222 3720 1296 3783 par-

129 3805 212 3869 tium
233 3803 341 3870 studio
363 3824 435 3873 esse
451 3804 587 3888 ductos),
610 3806 640 3870 ei
655 3805 800 3888 proiecto
822 3823 888 3869 non
903 3803 1009 3868 minus
1024 3803 1196 3885 apparebit
1218 3804 1297 3870 satis

130 3923 204 3970 ιιιι
227 3905 395 3973 difficilem
418 3907 516 3973 talem
540 3905 818 3991 disceptationem.
857 3903 930 3983 Qua
951 3904 1059 3972 denuo
1081 3925 1178 3988 quam
1201 3926 1296 3973 accu-

129 4008 292 4076 ratissime
307 4009 454 4075 instituta
469 4029 530 4092 ego
543 4009 684 4093 quidem,
700 4013 736 4074 nt
751 4007 814 4074 hoo
829 4007 938 4074 statim
952 4006 1113 4091 profitear,
1127 4006 1295 4073 Virckium

131 4111 175 4177 de
197 4111 292 4178 Dion.
309 4118 374 4178 ant.
391 4112 419 4178 V
436 4115 539 4179 1—48
556 4133 595 4196 c.,
618 4113 639 4177 i.
656 4130 683 4176 e.
707 4129 747 4176 ea
769 4117 870 4195 parte,
895 4130 960 4195 qua
976 4110 1110 4178 eaedem
1126 4129 1188 4191 res,
1212 4129 1296 4192 quae
