3134 4986
317 387 380 446 362
767 389 893 456 Edgarns
910 387 1022 442 Martini

318 559 462 626 dubitari
484 560 598 643 nequit
619 561 697 643 quin
720 561 773 628 vir
794 561 907 628 doctus
922 561 1085 629 Romanus
1101 565 1271 631 multorum
1287 565 1480 649 scriptorum

318 663 486 728 volumina
515 662 582 729 suls
611 662 761 729 manibus
789 663 935 730 tractarit
961 669 1059 747 atque
1087 663 1175 731 baud
1203 685 1309 749 pauca
1331 668 1405 752 ipse
1428 689 1480 735 ex-

317 764 484 848 cerpserit,
507 764 554 830 ita
576 762 786 831 vehementer
808 763 918 830 hercle
934 768 1100 850 erraverit,
1123 768 1150 834 si
1165 769 1238 852 quis
1253 768 1295 834 ab
1311 789 1352 836 eo
1368 791 1480 838 omnes

316 867 478 933 lectitatos
507 885 580 950 esse
609 865 784 933 crediderit
808 885 942 949 quorum
964 867 1097 933 nomina
1117 869 1242 936 indices
1263 870 1404 936 fontium
1427 893 1480 938 ex-

316 968 438 1035 hibent.
473 966 559 1046 Quid
582 967 671 1051 quod
693 967 825 1034 sedulus
848 968 1040 1051 compilator
1061 971 1133 1056 ipse
1154 972 1294 1055 ingenue
1312 972 1482 1056 profitetur

313 1071 403 1148 (vide
422 1070 525 1153 praef.
545 1073 595 1149 17)
619 1075 765 1154 quartam
788 1070 889 1136 ferme
911 1077 1036 1154 partem
1059 1073 1250 1156 scriptorum
1272 1074 1480 1143 laudatorum

313 1195 334 1242 a
363 1179 467 1240 semet
495 1173 566 1256 ipso
596 1173 774 1254 inspectam
796 1171 893 1238 esse?
936 1172 1043 1257 Atque
1066 1176 1207 1241 maxime
1230 1174 1332 1242 dubia
1355 1197 1410 1244 res
1434 1186 1482 1245 est

316 1276 357 1342 de
389 1276 600 1358 scriptoribus
622 1274 766 1340 Graecis.
812 1271 955 1351 Quorum
979 1276 1188 1359 ignobiliores
1211 1277 1299 1362 quod
1320 1299 1386 1344 non
1411 1281 1481 1364 ipse

314 1378 398 1444 adiit
426 1378 590 1444 neminem
619 1377 765 1461 prolecto
796 1375 912 1442 mirum
942 1375 1090 1444 babebit:
1124 1379 1348 1446 demirantium
1371 1388 1480 1447 autem

315 1480 403 1564 quod
425 1499 467 1545 ne
488 1480 653 1563 priucipes
668 1477 800 1562 quidem
816 1477 944 1542 illorum
959 1498 1001 1544 ex
1017 1480 1159 1564 ipsorum
1175 1482 1304 1566 scriptis
1319 1503 1479 1566 cognosse

312 1581 451 1648 videtur.
485 1581 694 1648 Aristotelem
717 1579 848 1663 quidem
871 1580 953 1644 inter
975 1588 1123 1649 auctores
1142 1603 1218 1650 suos
1235 1586 1384 1651 nominat
1399 1588 1478 1651 mul·

312 1690 429 1767 tuaque
452 1688 502 1750 est
523 1684 557 1749 in
580 1701 619 1748 eo
642 1681 788 1748 citando:
810 1699 922 1747 verum
938 1679 1134 1749 Aristotelea
1148 1689 1272 1750 tantum
1286 1707 1354 1753 non
1369 1691 1479 1754 omnia

311 1791 448 1870 accepta
469 1785 569 1851 refert
590 1789 646 1850 aut
660 1781 795 1866 Nigidio
810 1783 927 1866 Figulo
950 1790 1006 1848 aut
1021 1784 1177 1868 Pompeio
1193 1787 1302 1870 Trogo
1318 1791 1372 1865 (ct.
1388 1790 1477 1856 Mon·

312 1890 395 1971 tigni
414 1880 559 1965 ‘Quaest
576 1886 609 1951 in
624 1886 706 1950 Prin.
719 1885 759 1950 N.
768 1885 810 1950 H.
833 1884 875 1951 de
889 1886 1083 1954 animalibus
1098 1880 1211 1954 libros'
1231 1884 1244 1973 [
1247 1885 1367 1976 18401).
1402 1893 1476 1959 Per·

311 1989 388 2056 lnde
404 1988 663 2072 Theophrastum
685 1989 791 2072 ipsum
814 2008 835 2053 a
856 2007 892 2054 se
914 1987 1095 2054 adhibitum
1114 2009 1185 2056 esse
1200 2010 1286 2057 vana
1301 1995 1475 2062 lactatIone

310 2093 442 2159 simulat
470 2092 521 2168 (cl.
545 2090 704 2175 Sprengel
729 2081 794 2155 ‘De
816 2095 875 2154 rat.
904 2109 987 2172 quae
1009 2091 1043 2156 in
1065 2091 1139 2158 hist
1161 2093 1262 2175 plant.
1284 2095 1371 2162 inter
1394 2097 1475 2164 Plio.

310 2201 344 2260 et
365 2192 529 2277 Theophr.
556 2182 676 2258 intere.³
703 2185 809 2276 [1890]
839 2198 871 2256 et
892 2185 986 2258 ‘Mus
1009 2187 1122 2259 Rbeu.³
1150 2196 1214 2260 vol.
1237 2195 1345 2263 XLVI
1363 2193 1474 2283 [1891]

307 2317 339 2381 p.
358 2300 400 2361 54
412 2295 508 2379 sqq).
546 2292 756 2360 Posidonium
780 2313 908 2376 quoque
931 2295 979 2360 eis
1000 2296 1235 2363 accensendum
1257 2319 1330 2366 esse
1346 2301 1404 2384 qui
1419 2322 1474 2385 per

309 2398 392 2464 alios
421 2399 493 2463 viro
522 2397 607 2462 bono
634 2396 803 2461 innotuere
831 2401 867 2461 ut
895 2397 1095 2480 existimem,
1125 2399 1249 2465 duabus
1272 2400 1381 2469 causis
1404 2422 1473 2486 per·

306 2499 422 2582 pellor.
453 2499 560 2583 Atque
575 2499 715 2582 primum
731 2496 863 2580 quidem
878 2498 1096 2580 suspicionem
1111 2501 1242 2585 excitat,
1258 2503 1347 2585 quod
1363 2523 1472 2588 quam·

308 2619 406 2683 quam
436 2601 595 2685 plurimae
624 2599 792 2665 Posidonii
821 2601 1001 2666 sententiae
1029 2620 1088 2684 por
1116 2609 1242 2668 vastum
1268 2603 1371 2671 Plinii
1398 2609 1472 2674 scri-

307 2707 436 2785 pturam
466 2701 634 2786 dispersae
656 2707 747 2783 sunt,
776 2707 884 2767 tamen
906 2703 1069 2768 rarissime
1092 2703 1180 2770 illius
1202 2725 1320 2772 nomen
1343 2709 1472 2774 obviam

305 2802 352 2868 fit.
397 2804 543 2886 Augetur
572 2802 664 2869 baec.
681 2803 824 2887 suspicio
853 2821 908 2884 eo,
939 2804 1026 2886 quod
1057 2804 1182 2872 Plinius
1211 2808 1295 2874 inter
1323 2817 1471 2878 auctores

308 2923 384 2971 suos
406 2903 595 2988 scriptorem
619 2904 781 2989 quendam
796 2905 977 2970 Romanum
999 2906 1099 2972 refert
1120 2925 1215 2990 quem
1237 2911 1368 2993 prolixe
1382 2912 1470 2979 Posi·

307 3005 406 3072 donio
428 3025 521 3073 nsum
545 3026 617 3073 esee
641 3007 844 3091 exploratum
867 3006 1032 3074 habemus.
1078 3007 1211 3075 Constat
1232 3011 1385 3078 nimirum
1407 3015 1470 3079 Pli-

305 3109 395 3173 nium
425 3110 508 3174 mira
536 3108 678 3192 quadam
708 3108 910 3193 impudentia
935 3109 977 3174 II.
1002 3110 1147 3176 Terentii
1168 3111 1323 3180 Varronis
1352 3117 1471 3200 scripta

304 3210 505 3294 suppilasse;
530 3210 583 3277 hic
605 3230 715 3278 rursus
737 3211 877 3294 plurima
891 3231 912 3276 a
927 3210 1102 3278 Posidonio
1118 3219 1280 3281 mutuatus
1295 3223 1360 3283 est:
1375 3217 1470 3301 'quod

304 3313 490 3395 nuperrime
522 3313 709 3380 certissimis
738 3313 936 3396 argumentis
964 3314 1105 3380 evictum
1135 3321 1184 3381 est
1211 3333 1232 3380 a
1260 3316 1470 3386 Scbmelrelio

303 3411 356 3490 (el.
376 3405 518 3480 ‘Philoa
542 3414 573 3480 d.
596 3415 690 3480 mittl.
707 3405 798 3480 Stoa'
825 3408 1150 3499 [retemptatoque
1172 3422 1206 3482 et
1226 3417 1470 3504 awendlingio

302 3514 358 3591 (cf.
392 3507 547 3582 Hermae’
572 3517 637 3583 vol.
653 3515 797 3581 XXVIII
809 3510 939 3601 [1893]).
970 3515 1093 3594 Quibus
1109 3519 1266 3601 reputatis
1281 3521 1472 3603 procliviter

308 3616 381 3698 quis
397 3617 459 3682 sibi
475 3617 673 3700 persuaserit
688 3637 706 3683 e
722 3617 875 3683 Varronis
890 3618 982 3684 libris
997 3619 1137 3686 PlinIum
1150 3613 1354 3688 ‘Naturalem
1370 3622 1470 3692 bisto-

307 3713 405 3782 riam'
429 3717 650 3786 Posidoniana
671 3719 818 3786 doctrina
839 3720 1037 3802 Implevisse.

390 3818 506 3903 Neque
527 3841 606 3890 vero
629 3820 692 3888 hoc
714 3841 778 3888 uno
801 3821 952 3905 scrupulo
974 3822 1044 3887 nixi
1059 3821 1200 3889 Pituiom
1222 3823 1377 3892 idoneum
1397 3845 1469 3894 esse

304 3941 325 3987 a
347 3940 411 4004 quo
434 3921 618 4006 disquisitio
640 3930 752 3990 nostra
772 3922 995 4008 proficiscatur
1016 3943 1182 4006 negamus.
1218 3926 1389 3994 Accedunt
1411 3931 1469 3995 alii

301 4020 366 4088 duo
396 4041 530 4104 quorum
560 4024 650 4109 prior
671 4025 714 4092 ad
737 4025 902 4108 scriptoris
925 4025 1025 4092 nostri
1047 4045 1149 4110 genus
1172 4027 1302 4095 dicendi
1317 4033 1467 4115 pertiuet

300 4123 357 4191 Uti
378 4123 502 4208 quippo
525 4128 694 4212 consuerit
716 4128 861 4194 oratione
884 4126 1006 4211 oppido
1022 4145 1118 4211 quum
1135 4129 1265 4212 turgida
1279 4129 1465 4217 inflataque.
