3198 4974
286 383 353 443 ’168
772 379 837 435 Otto
854 379 982 436 Boclmch

281 589 284 594 ·
378 558 427 622 lia
450 555 584 638 reliquis
600 561 719 638 autem,
744 572 825 637 quos
839 553 943 634 obuli,
966 553 1047 620 locis
1063 552 1145 619 duos
1160 552 1315 618 Licinii
1330 552 1460 618 Macri
1582 571 1583 580 ¹

290 679 408 726 nomen
431 677 503 725 cum
527 655 592 722 Cu.
608 654 739 722 Gellii
760 655 919 740 praebere
942 655 1147 722 coniunctum
1170 653 1269 720 modo
1292 653 1371 720 dixi.
1409 655 1462 720 Ac

293 759 469 828 coniecerit
496 755 632 825 tortasse
655 758 817 841 quispiam
841 775 883 822 ex
910 755 1067 822 laudandi
1089 755 1214 822 ratione
1229 755 1276 820 VI
1294 757 1378 837 11,2
1401 754 1461 820 ad-
1583 747 1584 750 ’

289 861 394 928 hibita
416 863 605 940 (Λικίννιος
627 858 688 941 μὲν
710 854 852 943 γὰρκαὶ
876 855 910 922 οἱ
933 857 1013 940 περὶ
1037 857 1200 923 Γέλλιον.
1220 905 1227 918 ,
1246 859 1278 938 ,1,
1302 857 1459 939 quoniam

291 963 417 1030 Gellius
446 970 521 1029 ante
549 963 710 1029 Licinium
738 959 838 1028 fuisse
867 961 966 1044 vulgo
995 967 1141 1043 putatur,
1169 979 1268 1025 unum
1297 959 1461 1025 Licinium

290 1065 434 1132 Macrum
457 1086 478 1131 a
498 1065 657 1148 Dionysio
681 1062 874 1130 exhaustum
897 1081 984 1144 esse,
1008 1061 1148 1129 Gellium
1171 1061 1301 1127 omnino
1323 1081 1387 1126 nou
1411 1061 1462 1126 in-

292 1173 449 1252 spectum.
486 1163 579 1244 Quae
595 1166 781 1232 coniectura
803 1165 831 1231 si
853 1165 932 1231 satis
952 1170 1041 1230 certa
1063 1170 1159 1244 esset,
1181 1183 1246 1229 non
1269 1164 1379 1247 inepte
1402 1163 1463 1228 ille

294 1267 503 1336 concluderet
517 1268 591 1333 libri
607 1267 692 1333 sexti
707 1267 835 1334 illorum
858 1267 999 1351 capitum
1014 1266 1175 1332 Licinium
1190 1265 1334 1332 Macrum
1348 1273 1462 1332 aucto·

292 1391 362 1438 rem
391 1371 492 1436 inisse
521 1369 752 1453 principalem,
782 1370 815 1435 in
844 1368 1000 1451 singulari
1028 1367 1170 1451 quadam
1199 1387 1234 1434 re
1256 1387 1279 1433 a
1300 1367 1463 1451 Dionysio

292 1478 448 1556 spretum.
494 1471 562 1539 Sed
590 1471 709 1538 utrix
738 1477 788 1539 est
815 1471 972 1540 credibile
1000 1471 1067 1536 iam
1093 1469 1258 1536 annalium
1286 1470 1463 1552 scriptores

292 1575 458 1642 &manos
472 1573 588 1655 fontes,
612 1573 786 1656 exquibus
807 1571 983 1655 hauserint,
1005 1571 1167 1655 laudasse,
1189 1571 1380 1655 praesertim
1404 1570 1464 1637 ubi

292 1695 350 1744 eos
377 1695 442 1742 non
471 1674 713 1758 repudiassent,
744 1674 803 1742 sed
832 1672 1009 1742 bonafide
1038 1674 1276 1755 exscriberem,
1306 1673 1353 1738 ita
1380 1673 1464 1740 belli
1585 1691 1586 1696 ¹

292 1777 416 1860 Latini,
440 1796 524 1859 quae
547 1777 636 1860 apud
659 1777 852 1862 Dionysium
874 1782 998 1859 exstat,
1020 1776 1257 1842 enarrationem
1273 1775 1464 1853 (VH-22)

292 1879 428 1944 liberius
451 1897 493 1944 ex
524 1879 743 1960 compluribus
765 1879 968 1946 diversorum
989 1883 1156 1944 auctorum
1179 1883 1365 1944 contextam
1388 1898 1464 1945 esse

296 1981 512 2047 demonstrari
534 2000 632 2063 posse
653 1981 801 2048 arbitror.
845 1979 941 2058 Quod
970 1986 1079 2046 tumen
1108 2000 1172 2046 non
1195 1977 1291 2046 huius
1313 1987 1364 2046 est
1385 1981 1463 2046 loci.

293 2080 447 2164 Accedit,
471 2081 558 2165 quod
584 2083 616 2146 in
638 2082 736 2149 rebus
759 2083 969 2166 quibusdam,
999 2101 1084 2165 quae
1111 2083 1273 2166 prioribus
1305 2083 1339 2147 in
1369 2082 1464 2148 libris

293 2189 462 2250 enarratae
485 2189 576 2266 sunt,
599 2183 777 2267 Dionysius
798 2185 869 2252 siue
890 2183 991 2251 dubio
1021 2185 1124 2268 ipsum
1147 2182 1299 2250 adhibuit
1319 2183 1465 2250 Gellium

295 2287 349 2364 (ef.
371 2285 477 2368 1131;
503 2288 560 2368 72;
585 2289 647 2362 76).

379 2387 492 2453 Altero
523 2388 611 2468 loco,
641 2407 705 2471 quo
734 2389 906 2455 coniuncta
928 2387 1059 2454 Gellii
1090 2397 1123 2454 et
1147 2388 1302 2454 Licinii
1330 2387 1466 2454 nomina

294 2495 466 2555 occurrunt
494 2487 698 2572 (VH1,4),
729 2511 795 2556 non
823 2491 929 2557 solum
960 2488 1074 2556 horum
1104 2489 1240 2556 duorum
1269 2491 1465 2575 scriptorum

295 2591 414 2673 libros,
443 2588 503 2656 sed
526 2591 624 2658 etiam
645 2591 729 2658 alios
752 2591 911 2675 quosdam
940 2610 976 2656 re
998 2611 1078 2657 vera
1099 2591 1292 2676 Dionysium
1314 2593 1465 2659 Halicar-

294 2711 481 2759 nassensem
497 2693 672 2760 contulisse
694 2729 734 2738 -
760 2693 794 2758 id
817 2692 906 2777 quod
928 2694 1000 2776 ipse
1022 2693 1102 2760 dicit
1119 2727 1156 2739 -
1181 2704 1233 2762 est
1252 2697 1324 2762 veri
1346 2694 1465 2761 simila

296 2794 383 2860 Nam
404 2799 473 2860 toto
496 2794 553 2861 illo
576 2795 649 2862 loco
671 2794 706 2861 id
728 2795 814 2878 agit,
837 2803 872 2862 ut
893 2796 1057 2862 Romanos
1079 2797 1253 2882 scriptores
1282 2797 1464 2880 intempo-

296 2896 387 2962 ribus
402 2897 628 2978 computandis
644 2915 769 2964 errasse
785 2897 985 2964 demonstret
1002 2905 1035 2964 et
1049 2917 1107 2964 suo
1123 2897 1226 2965 Marte
1242 2906 1329 2966 certe
1345 2899 1466 2966 conicit

294 3018 360 3064 non
383 2997 576 3081 Dionysium
599 3003 788 3084 tyrannum,
817 2999 876 3066 sed
898 2999 1056 3067 Gelonem
1080 3000 1233 3067 Romanis
1261 3002 1296 3066 in
1321 3019 1464 3068 summas

294 3101 461 3184 angustias
490 3098 640 3166 adductis
668 3101 862 3166 frumentum
891 3102 1102 3170 condonasse.
1147 3103 1273 3170 Tamen
1301 3101 1355 3170 hic
1384 3123 1465 3172 sane

295 3203 381 3269 iusta
403 3204 503 3268 oritur
526 3202 668 3285 suspicio
698 3203 806 3285 ipsum
829 3222 902 3269 eum
924 3205 1130 3288 scriptorem,
1153 3203 1198 3270 ad
1220 3225 1316 3288 quem
1339 3206 1464 3291 Diony-

295 3303 363 3372 sius
391 3303 702 3386 Halicarnassensis,
739 3305 867 3372 etiamsi
896 3305 939 3372 de
966 3305 1028 3372 bac
1057 3326 1122 3373 una
1148 3328 1184 3374 re
1214 3329 1288 3373 eum
1315 3310 1464 3390 reiceret,

295 3405 481 3488 ceteroquin
497 3406 701 3488 potissimum
716 3425 789 3474 sese
807 3407 998 3491 applicaret,
1018 3409 1119 3475 fuisse
1132 3409 1293 3476 Licinium
1308 3411 1464 3478 Macrum.

383 3506 499 3590 Neque
521 3507 625 3572 altero
642 3525 753 3574 eorum
774 3510 928 3594 locorum,
952 3511 1070 3593 quibus
1083 3511 1230 3578 Licinius
1242 3513 1353 3580 Macer
1375 3514 1465 3580 solus

296 3609 427 3676 nomine
460 3607 574 3674 adlato
601 3609 753 3676 laudatur
774 3611 814 3690 (V
830 3616 882 3693 47,
895 3614 915 3674 2
930 3615 1008 3696 sq),
1030 3613 1206 3698 Dionysius
1241 3615 1308 3681 fide
1335 3615 1467 3683 ridetur

296 3710 448 3792 indignus
463 3709 648 3794 adfirmans,
672 3733 745 3778 cum
760 3715 936 3797 peculiaris
950 3714 1119 3782 cuiusdam
1134 3715 1351 3785 adnotationis
1372 3719 1467 3785 illum

296 3818 411 3879 testem
433 3810 570 3896 adferat,
592 3812 636 3880 de
657 3833 691 3879 re
715 3814 787 3898 ipsa
809 3816 907 3882 etiam
929 3817 1013 3883 alios
1036 3836 1108 3884 sese
1131 3817 1307 3887 audivisse.

382 3913 454 3979 lam
475 3921 576 3981 restat
596 3922 729 3998 quartus
750 3917 840 3984 locus
863 3918 904 3988 tv
921 3923 971 4002 74,
988 3923 1029 4001 4),
1052 3920 1108 3985 ubi
1130 3919 1174 3987 de
1195 3920 1376 3990 dictaturae
1402 3925 1465 3991 ori·

297 4017 374 4100 gine
395 4017 512 4100 agitur.
552 4014 656 4094 Quem
677 4019 903 4102 magistratum
925 4021 1114 4105 Dionysius,
1135 4025 1341 4108 aesymuetis,
1365 4025 1421 4108 qui
1442 4043 1465 4090 a

297 4118 432 4186 Graecis
448 4119 648 4200 dicebantur,
670 4123 874 4205 comparatis,
898 4123 1060 4190 Romanos
1076 4143 1095 4190 e
1110 4124 1246 4191 Graecis
1260 4128 1464 4194 haustulisse
