3318 4970
457 405 500 462 De
517 406 623 477 legione
641 407 825 465 Romanorum
842 408 865 464 l.
881 408 1034 465 Adiutrice.
1286 410 1325 470 33

166 579 254 662 legio
283 585 419 664 experta
447 587 505 664 cst,
535 601 599 665 qua
629 581 670 649 de
696 601 732 650 re
760 601 831 650 cum
855 583 987 650 Tacitus
1016 583 1050 648 in
1078 582 1220 651 secundo
1243 583 1327 650 libro

167 679 373 750 historiarum
396 682 497 750 fusius
519 685 649 768 referat,
672 703 724 752 res
746 703 887 751 summas
910 684 1077 768 attIngam.

253 799 361 866 Primo
377 802 485 868 statim
501 804 692 886 proeliares
708 803 837 870 omnino
854 801 1045 872 Othonianis
1068 805 1150 871 bene
1172 811 1328 873 successit

167 909 200 968 et
222 903 343 968 eximia
364 903 550 970 tortitudine
573 907 660 989 legio
676 907 700 971 Ι.
718 904 868 970 Adiutrix
884 905 1075 972 excellebat.
1120 905 1216 972 Forte
1241 908 1326 973 enim

167 1010 372 1071 concurrerat
393 1006 480 1089 legio
496 1027 567 1072 cum
590 1008 728 1090 legione,
752 1007 845 1074 miles
862 1027 932 1073 cum
949 1006 1063 1089 milite,
1087 1026 1105 1073 e
1119 1012 1212 1090 parte
1227 1007 1326 1076 Otho·

166 1107 217 1172 nis
239 1106 326 1190 legio
349 1107 374 1172 Ι.
389 1105 550 1191 Adiutrix,
573 1128 615 1174 ex
637 1109 740 1175 altera
762 1114 853 1191 parte
875 1110 962 1192 legio
984 1108 1074 1174 XXI.
1091 1109 1222 1193 Rapax;
1245 1109 1327 1177 haec

164 1199 295 1274 ‘vetere
322 1209 459 1292 gloria
450 1201 612 1293 insignis’,
642 1203 728 1276 illa‘
739 1209 913 1277 nondnm'
904 1231 937 1276 1n
960 1212 1064 1278 aciem
1087 1209 1237 1293 deducta,
1269 1211 1328 1278 sed

167 1308 260 1376 ferox
283 1316 315 1377 et
336 1311 413 1377 novi
435 1310 561 1378 decoris
583 1303 731 1386 avida³.¹)
721 1310 864 1390 lOuo
856 1333 888 1378 m
905 1313 1078 1380 certamine
1102 1331 1173 1379 enm
1189 1313 1328 1395 primani

167 1411 289 1495 legioni
304 1411 394 1478 XXI.
410 1414 552 1497 aquilam
569 1414 771 1498 eripuissent,
787 1413 900 1481 dolore
915 1414 1044 1482 accensi
1059 1414 1329 1482 unetvicesimani

167 1514 202 1578 in
223 1533 365 1598 pugnam
394 1515 558 1582 redierunt
586 1522 683 1600 atque
711 1523 746 1583 ut
773 1517 940 1602 abolerent
967 1516 1074 1582 labem
1097 1515 1214 1598 prioris
1237 1516 1327 1598 igno-

168 1615 297 1699 miniae,
321 1617 443 1700 impetu
466 1619 580 1685 iterato
604 1624 636 1684 et
651 1617 807 1684 Orfidium
823 1618 1003 1701 Benignnm
1025 1617 1166 1700 legatum
1190 1617 1329 1700 legionis

166 1718 192 1784 Ι.
215 1717 391 1785 Adiutricis
422 1720 649 1787 interfecerunt
679 1725 711 1786 et
739 1721 919 1806 compluria
949 1721 1043 1803 signa
1069 1719 1258 1802 vexillaque
1287 1738 1329 1785 ex

168 1818 315 1887 hostibus
337 1828 520 1906 rapuerunt.

254 1940 340 2006 Dum
374 1939 455 2007 haee
482 1941 565 2008 inter
595 1940 654 2009 has
682 1941 763 2008 duae
785 1942 931 2023 legiones
961 1947 1123 2023 geruntur,
1154 1937 1330 2005 Othoniani

168 2041 373 2108 multitudine
400 2042 539 2109 hostium
569 2042 675 2125 cincti,
711 2063 781 2110 eum
811 2042 954 2126 undique
976 2062 997 2108 a
1019 2041 1202 2108 Vitellianis
1231 2038 1330 2106 vehe-

168 2151 293 2211 menter
315 2149 511 2227 urgerentur,
534 2144 707 2212 locomoti
730 2151 811 2211 sunt.
854 2145 1010 2228 Accessit,
1033 2150 1067 2209 ut
1091 2142 1207 2210 summi
1230 2140 1331 2208 duces

169 2266 211 2313 ex
240 2247 311 2313 acie
341 2245 545 2313 excederent.
590 2244 681 2324 Quae
710 2265 783 2313 curn
806 2247 852 2311 ita
874 2252 991 2329 essent,
1021 2246 1108 2329 legio
1130 2245 1156 2310 Ι.
1179 2243 1331 2310 Adiutrix

168 2367 273 2431 aeque
295 2353 392 2430 atque
414 2353 541 2414 ceterae
563 2348 709 2430 legiones
731 2347 848 2430 pedem
871 2347 991 2414 referre
1014 2345 1270 2427 Bedriacnmque
1295 2362 1331 2411 se

168 2450 314 2534 recipere
338 2454 450 2515 coacta
473 2455 529 2516 est.

257 2567 322 2634 Sed
346 2587 540 2651 quamquam
569 2587 628 2651 pro
652 2569 740 2634 victa
761 2567 887 2633 abierat
909 2567 996 2649 legio
1018 2567 1132 2649 prima,
1163 2563 1332 2631 vitelliani

169 2671 235 2754 ipsi
257 2668 476 2736 fortitudinem
499 2671 567 2736 eius
583 2670 811 2753 agnoscebant.
856 2670 1053 2752 Argumento
1077 2673 1135 2750 est,
1158 2665 1245 2749 qnod
1268 2684 1332 2731 una

170 2791 243 2839 oum
273 2771 575 2855 quartadecumanis
609 2772 696 2855 legio
719 2769 893 2838 Othoniani
922 2771 1081 2836 exercitus
1110 2768 1207 2836 robur
1235 2767 1330 2834 duce·

169 2874 265 2940 batur
287 2873 376 2946 (Tac.
401 2871 474 2940 hist.
497 2874 554 2938 HI.
581 2875 641 2955 13),
672 2893 752 2956 qnae
775 2873 855 2940 duae
878 2873 1023 2956 legiones
1045 2871 1171 2954 abesse,
1194 2890 1267 2936 cnm
1289 2868 1332 2936 de

170 2995 295 3043 summa
328 2993 434 3040 rernm
468 2975 550 3041 inter
579 2975 745 3041 VileIIIum
776 2981 808 3042 et
830 2974 1064 3058 Vespasianum
1096 2973 1331 3054 decerneretur,

170 3077 281 3160 magni
314 3078 468 3142 momenti
502 3094 574 3142 esse
603 3075 743 3144 Caecina
774 3082 849 3143 ante
882 3075 1040 3161 proelium
1070 3076 1184 3141 initum
1212 3074 1332 3139 milites

170 3177 346 3245 admonuit.
380 3176 472 3242 Idem
495 3177 571 3243 inde
594 3187 739 3263 apparet,
762 3179 849 3263 quod
864 3178 1024 3258 Vitellius,
1048 3178 1176 3244 tametsi
1199 3176 1332 3257 vicerat,

171 3281 297 3347 animos
312 3279 465 3346 infractos
481 3277 617 3346 Othonis
633 3280 880 3362 legionariorum
898 3279 1022 3361 timens,
1046 3284 1081 3344 ut
1096 3278 1215 3344 milites
1231 3276 1332 3359 legio·

170 3383 221 3448 nis
244 3381 331 3446 XIV.
348 3379 505 3447 Geminae
528 3382 561 3445 in
585 3381 785 3448 Britanniam
807 3381 914 3447 redire
936 3380 1078 3461 iubebat,
1101 3379 1147 3444 ila
1169 3378 1332 3457 legionem

171 3483 196 3548 1.
213 3483 413 3549 Adiutricem
437 3483 469 3548 in
492 3482 684 3567 Hispaniam
706 3483 803 3566 mirit,
823 3476 873 3548 ‘ut
894 3501 974 3566 pace
997 3487 1030 3546 et
1052 3480 1117 3546 otio
1140 3472 1330 3546 mitesceret‘

170 3585 262 3663 (Tac.
286 3585 360 3652 hist.
383 3585 424 3650 11.
448 3586 498 3650 66.
523 3586 586 3662 67).

258 3687 425 3754 Remaneit
447 3687 544 3770 igitur
568 3685 649 3753 haec
671 3685 756 3769 legio
779 3685 812 3750 in
835 3683 930 3750 Italia
951 3682 1027 3749 inde
1050 3683 1091 3748 ab
1115 3702 1154 3750 eo
1177 3689 1333 3767 tempore,

261 3893 285 3952 1)
304 3887 370 3944 Tac.
390 3888 452 3942 nist.
472 3887 507 3942 II.
521 3890 562 3941 43.
588 3886 629 3942 cf.
648 3884 719 3939 Plut.
739 3885 818 3940 Otho.
835 3889 878 3938 12:
898 3883 993 3942 Μόναι
1011 3883 1040 3941 δὲ
1059 3880 1107 3941 δύο
1127 3887 1334 3956 Asperiora...

171 3966 187 4045 ἦ
207 3971 260 4043 μὲν
280 3962 557 4044 ΟὐϊτελλίουἍρπαξ,
575 3965 591 4044 ἢ
611 3971 641 4029 δὲ
649 3965 775 4035 Ὄθωνος
786 3963 902 4040 Βοηθός
915 4012 921 4026 .
935 4014 941 4026 .
955 4009 961 4022 .
975 4014 980 4025 .
999 3965 1144 4041 ἐμάχοντο
1164 3963 1255 4026 πολὺν
1265 3959 1335 4041 χρό-

172 4071 236 4112 νον·
257 4055 356 4126 οἱμὲν
374 4047 425 4114 οὖν
439 4052 566 4122 Ὄθωνος
583 4051 685 4128 ἄνδρες
701 4045 775 4126 ἦσαν
793 4049 933 4124 εὔρωστοι
951 4056 1000 4108 καὶ
1017 4047 1136 4124 ἀγαθοί,
1155 4051 1285 4121 πολέμου
1303 4051 1333 4108 δὲ

170 4145 220 4198 καὶ
237 4137 330 4214 μάχης
348 4137 417 4200 τότε
434 4145 553 4212 πρῶτον
571 4145 676 4213 πεῖραν
694 4134 893 4213 λαμβάνοντες
909 4143 969 4196 κτλ.

225 4235 340 4291 nerpzrger
354 4235 456 4282 sorren.
473 4235 536 4280 xtu.
1161 4226 1176 4276 3
