3170 4984
315 389 376 450 286
747 388 949 444 Maxlmhianus
968 387 1047 442 Thlel

401 562 467 630 Sed
491 562 573 629 haec
596 561 727 645 quidem
751 559 921 630 hactenus:
945 566 1069 628 constat
1084 559 1266 627 Vitruvium
1288 581 1353 628 non
1377 559 1483 626 Athe-

314 686 397 733 naeo
413 686 505 733 usum
522 670 751 746 esseauctore,
774 663 833 730 sed
855 662 995 729 redire
1017 667 1228 746 utrumque
1250 662 1301 728 ad
1323 661 1484 728 iontem

314 767 477 852 quendam
509 785 765 833 communem.
821 763 890 830 Iam
925 762 1114 848 videamus,
1137 765 1216 848 quid
1242 764 1284 830 de
1316 764 1483 831 discre-

313 869 470 953 pantiis
486 868 569 934 inter
584 866 786 934 Athenaeum
807 873 839 932 et
854 865 1035 932 Vitruvium
1060 865 1253 948 quibusdam
1278 865 1485 934 censendum

314 972 365 1038 sit.
408 969 458 1036 Ao
479 970 616 1054 primum
639 970 769 1054 quideiu
792 967 978 1036 consideres
1001 967 1099 1034 velim
1123 966 1219 1034 haec:

317 1072 395 1138 Vitr.
417 1094 449 1158 p.
476 1076 549 1157 273,
574 1076 607 1138 8:
631 1069 734 1138 Geras
756 1077 864 1138 autem
919 1067 1037 1135 Athen.
1053 1088 1085 1152 p.
1103 1070 1133 1150 9,
1149 1073 1187 1133 15
1200 1090 1287 1154 sqq:
1312 1067 1428 1153 Γήρας
1447 1067 1485 1132 δὲ

314 1173 556 1242 Carchedonius
580 1173 622 1238 de
644 1173 780 1240 materia
802 1172 865 1255 pri·
920 1169 1000 1250 μετ’
1045 1161 1149 1234 αὐτὸν
1186 1165 1204 1235 δ
1244 1168 1486 1256 Καρχηδόνιος

313 1297 401 1342 mum
414 1277 518 1342 basim
531 1276 684 1342 subiectis
699 1275 778 1340 rotis
790 1274 867 1340 fecit
922 1265 1110 1354 ὑπότροχον
1133 1270 1281 1360 ποιήσας
1305 1271 1448 1353 σχεδίαν

314 1397 476 1462 supraque
499 1378 662 1460 compegit
684 1375 866 1442 arrectariis

314 1487 347 1546 et
361 1481 445 1563 iugis
461 1499 556 1546 varas
572 1479 651 1544 etin
667 1476 718 1544 his
733 1495 866 1560 suspen-

314 1580 362 1646 dit
383 1581 518 1646 arietem
922 1572 1070 1657 ἒπέθηκε
1082 1574 1226 1661 πλάγιον
1241 1573 1301 1641 τὸν
1313 1573 1408 1658 κριὸν
1422 1577 1484 1642 καὶ

920 1669 978 1742 οὐκ
989 1676 1025 1755 ἐξ
1035 1671 1274 1745 dorsumdurum
1282 1675 1388 1744 εἷλκεν
1398 1670 1483 1742 ἀλλ’

919 1772 986 1843 ὑπὸ
1018 1778 1175 1866 πλήθους
1205 1777 1337 1864 ἀνδρῶν
1359 1804 1487 1863 προω-
1578 1783 1579 1802 ’

919 1878 1090 1962 θυόμενον

314 2004 473 2086 coriisque
497 2002 625 2068 bubulis
647 2003 729 2067 texit
921 1979 1062 2069 ἐποίησέ
1079 2010 1113 2050 aa
1131 1979 1320 2068 inerma
1340 1983 1382 2062 (?l
1403 1983 1487 2049 σκέ-

920 2108 1051 2168 πασμα.

314 2190 360 2255 uti
389 2190 523 2256 tutiores
554 2197 662 2255 essent
691 2189 745 2272 qui
772 2188 805 2254 in
828 2207 868 2254 ea
988 2224 989 2227 π

314 2289 554 2358 machinatione
592 2292 635 2358 ad
672 2291 866 2376 pulsandum

315 2412 437 2460 murum
462 2399 568 2459 essent
590 2395 751 2462 collocati.

401 2493 561 2560 Athenaei
592 2515 633 2561 ex
663 2496 771 2562 verbis
792 2488 955 2582 εἐπέθηκε
979 2545 985 2559 .
1011 2545 1019 2559 .
1044 2543 1052 2560 .
1076 2543 1084 2558 .
1108 2487 1391 2578 προωθούμενον’
1419 2498 1487 2563 vix
1580 2500 1581 2574 l

315 2598 414 2663 aliam
442 2594 611 2663 machinae
641 2598 816 2679 imaginem
850 2599 958 2664 animo
992 2597 1164 2664 informare
1198 2598 1276 2664 licet
1309 2617 1407 2680 quam
1448 2607 1486 2665 ut

314 2706 462 2781 putemus
478 2699 511 2762 in
526 2691 703 2782 ὖποτρόχῳ
719 2699 777 2764 illu
799 2697 915 2784 σχεδίᾳ
936 2701 1061 2784 positos
1083 2697 1183 2766 fuisse
1206 2698 1383 2782 cylindros,
1407 2703 1486 2783 qui-

317 2801 374 2866 bus
402 2801 474 2883 ipse
504 2801 671 2883 impositus
700 2801 785 2866 aries
814 2801 1066 2884 propelleretur;
1095 2821 1170 2866 nam
1199 2820 1263 2883 quo
1290 2800 1355 2866 alio
1378 2802 1484 2869 modo

315 2903 410 2984 aries,
433 2908 605 2986 postquam
622 2903 655 2968 in
671 2903 728 2967 illa
743 2894 922 2987 ὑποτρόχῳ
940 2900 1055 2987 σχεδίᾳ
1071 2902 1151 2968 situs
1167 2921 1270 2986 prope
1284 2902 1328 2967 ad
1351 2923 1485 2970 murum

315 3004 470 3070 advectus
483 3010 541 3086 est,
557 3005 663 3087 potuit
678 3005 710 3068 in
728 3024 852 3069 murum
868 3005 1008 3088 propelli
1023 3004 1086 3070 nisi
1101 3003 1258 3087 cylindris
1274 3006 1484 3088 suppositis?

315 3105 431 3172 Verbis
453 3106 539 3172 enim
555 3099 717 3191 ‘invitique
734 3102 878 3188 πλάγιον
893 3103 952 3170 τὸν
971 3101 1065 3189 κριὸν
1083 3109 1139 3184 (ec.
1160 3101 1216 3168 ἐπὶ
1233 3105 1291 3187 τῆς
1313 3101 1480 3188 σχεδίας)’

314 3206 401 3274 idem
429 3206 495 3273 dici
524 3213 622 3291 atque
647 3208 785 3274 Vitruvii
817 3207 926 3274 verbis
946 3201 1182 3292 ‘suspendit
1204 3199 1353 3274 arietem’
1380 3230 1481 3277 nemo

314 3309 377 3375 sibi
405 3307 520 3392 finget,
550 3311 605 3392 qui
633 3331 697 3376 non
724 3309 911 3376 adhibuerit
933 3309 1125 3375 Vitruvium.
1170 3308 1237 3375 Sed
1260 3309 1366 3376 Gerae
1390 3314 1482 3380 aries

315 3413 342 3476 si
357 3408 472 3476 suisset
487 3412 561 3478 talis
584 3413 662 3496 fere,
686 3413 816 3495 qualem
838 3411 916 3477 solis
932 3409 1093 3478 Athenaei
1115 3410 1224 3477 verbis
1247 3415 1404 3495 respectis
1426 3413 1481 3480 fu·

316 3514 380 3579 isse
403 3531 476 3577 eum
499 3513 604 3579 videri
628 3515 873 3598 explicavimus,
897 3513 961 3578 iam
985 3513 1080 3595 plane
1104 3520 1212 3578 essent
1234 3513 1360 3598 inepta,
1392 3536 1482 3599 quae

315 3613 411 3698 paulo
440 3623 513 3698 post
541 3615 731 3698 succedunt,
762 3615 864 3680 verba
883 3607 982 3695 ‘perd
1008 3615 1114 3677 ταῦτα
1138 3611 1174 3678 δὲ
1198 3611 1363 3699 ἐποίησάν
1386 3639 1491 3694 τινες.

315 3713 373 3780 ἐπὶ
394 3713 576 3800 κυλίνδρων
599 3714 866 3801 προωθούμενον
888 3712 947 3780 τὸν
969 3707 1091 3801 κριόν’.
1136 3717 1250 3800 ltaque
1273 3715 1337 3784 hoc
1358 3720 1479 3786 saltem

315 3817 556 3885 concedendum
590 3823 651 3886 erit
678 3819 838 3887 Athenaei
873 3818 916 3884 de
944 3817 1050 3884 Gerae
1084 3819 1186 3886 ariete
1221 3821 1479 3903 explicationem

314 3920 412 3994 valde
435 3939 505 3987 csse
527 3921 687 3988 turbatam
708 3941 814 4006 neque
836 3921 947 3988 licebit
969 3919 1128 4004 dubitare,
1153 3922 1265 3988 eiusne
1279 3941 1321 3986 an
1334 3921 1479 3988 Vitruvii

314 4022 488 4106 descriptio
505 4025 636 4108 propius
656 4023 698 4089 ad
721 4024 894 4107 genuinam
916 4023 1062 4090 accedat.
1097 4025 1145 4090 Ac
1168 4021 1275 4106 fontia,
1300 4043 1397 4105 quem
1421 4024 1477 4090 Vi·

317 4127 439 4209 truviqs
455 4133 583 4192 secutus
599 4133 657 4208 est,
673 4127 813 4208 vestigia
829 4127 926 4191 etiam
949 4126 1037 4208 apud
1050 4125 1253 4192 Athenaeum
1278 4144 1478 4208 cognoscun-
