3270 4968
410 388 452 444 De
470 388 596 444 codicum
613 389 815 445 Isocrateorum
833 391 1006 448 auctoritate.
1226 395 1287 454 113

131 563 183 638 (de
206 583 268 646 quo
291 562 462 647 postmodo
486 551 629 628 Breviter
650 562 769 639 dicam)
791 567 969 647 generatim
986 576 1150 651 congruat,
1174 588 1286 651 quam·

131 667 178 731 vis
200 667 318 750 singuli
341 665 469 731 codices
492 665 575 728 inter
597 683 632 729 se
656 662 815 731 differant.
861 665 999 734 Codices
1029 675 1137 734 autem
1166 673 1287 738 servati

131 785 323 850 quamquam
351 767 393 831 ab
423 765 537 832 eodem
566 763 744 850 archetypo
773 767 924 850 profecti,
957 774 1080 834 tautam
1113 771 1287 838 lectionum

130 869 378 952 discrepantiam
412 866 592 946 ostendunt,
627 874 780 950 quautam
808 887 872 934 nou
901 872 1083 954 putaveris3
1116 873 1160 938 ad
1190 895 1285 957 quam

129 969 354 1054 explicandam
377 967 439 1034 hoc
459 969 599 1051 primum
629 969 818 1034 sumendum
843 976 901 1054 est,
929 969 1141 1056 archetypum
1171 975 1287 1041 eodem

129 1071 224 1137 modo
247 1078 345 1155 atque
367 1089 526 1155 papyrum
550 1069 770 1136 Britannicum
794 1091 865 1136 eum
889 1073 963 1139 aliis
986 1074 1180 1156 quibusdam
1195 1077 1287 1144 libris
1332 1154 1334 1158 .

129 1175 378 1239 contaminatum
401 1172 672 1254 librariorumque
694 1171 830 1238 libidine
853 1173 1081 1258 interpolatum
1097 1175 1207 1258 luisse,
1231 1179 1287 1259 qui

129 1275 303 1340 vomentes
325 1275 358 1338 in
381 1274 527 1357 margine
549 1273 604 1336 vel
627 1293 725 1357 supra
746 1293 875 1340 versum
891 1274 1131 1360 adscripserint.
1169 1277 1288 1344 Postea

128 1376 160 1440 in
183 1376 294 1457 libros,
319 1376 375 1458 qui
398 1375 529 1441 codices
555 1377 624 1438 ΘΛ
646 1377 836 1457 anteicruut,
860 1395 903 1441 ex
924 1380 1059 1463 papyris
1080 1379 1167 1445 aliae
1189 1399 1286 1462 quae·

127 1477 200 1542 dam
234 1477 439 1543 differentiae
471 1476 623 1542 videntur
655 1478 766 1542 illatae
796 1495 878 1560 esse,
913 1478 1019 1545 codex
1040 1484 1079 1542 Λ
1100 1489 1209 1546 τευτευ]
1243 1482 1286 1548 ad

127 1585 306 1644 exuemum
338 1579 619 1661 grammaticorum
648 1577 877 1662 Byzantiorum
907 1583 1088 1647 temeritate
1117 1591 1286 1666 corruptus

127 1685 183 1746 est
220 1678 378 1747 (lodicum
394 1679 491 1762 igitur
507 1680 682 1745 varietates
697 1680 822 1761 origine
838 1679 1026 1749 differentes
1042 1685 1141 1750 etiam
1158 1683 1288 1750 diverse

126 1780 311 1848 tractandae
334 1787 416 1848 sunt.
1292 1813 1296 1820 ¹

210 1881 278 1950 Sed
300 1882 344 1948 ad
365 1901 527 1967 papyrum
554 1880 736 1966 redeamus,
766 1883 857 1950 cuius
885 1883 1041 1951 lectiones
1070 1906 1092 1952 a
1120 1885 1286 1955 codicibus

126 1985 248 2052 alienas
263 1984 406 2050 nondum
422 1985 650 2067 spectavimus.
687 1985 795 2067 Atque
811 2004 853 2050 ex
868 1985 1098 2055 additamentis
1114 1991 1172 2055 vix
1189 2010 1286 2056 unam

126 2085 296 2153 lectionem
319 2087 505 2170 expiscatus
528 2104 609 2167 sum,
632 2104 715 2168 quae
738 2086 928 2170 probatione
951 2086 1052 2170 digua
1074 2097 1138 2156 est:

209 2187 290 2253 VIII
302 2191 352 2252 16.
369 2181 557 2270 εὑρήσομεν
570 2186 682 2253 codd:
699 2209 887 2271 ευρησσμεν
904 2209 1008 2264 cocos·
1020 2189 1100 2275 Pap.
1137 2197 1187 2259 19.
1199 2190 1287 2260 πάν-

126 2311 183 2366 τας
205 2286 357 2372 τρόπους
380 2293 417 2372 Γ,
440 2289 480 2355 σ1.
503 2309 534 2372 p.
557 2290 598 2354 99
620 2287 745 2366 (πάντα
767 2286 895 2370 τρόπον
911 2294 977 2368 At:
1000 2313 1143 2355 απαντα
1151 2315 1169 2368 ς
1190 2315 1287 2368 τους

125 2413 273 2473 sporrone
306 2391 387 2476 Pap.
417 2389 672 2475 (dittographia).
724 2393 775 2455 24.
804 2401 985 2471 κατασχεῖν
1020 2391 1228 2477 δυνηθεῖμεν
1259 2397 1290 2457 Γ

126 2491 367 2578 (δυνηθείημεν
385 2502 564 2572 κατασχεῖν
580 2497 645 2566 Al:
669 2513 849 2571 κατυσχειν
866 2515 926 2554 ουκ
943 2515 983 2556 αν
1000 2541 1009 2556 .
1024 2540 1032 2558 .
1050 2543 1058 2558 .
1075 2491 1285 2580 8ειημεν[;2]

125 2593 202 2680 Pap.
248 2599 302 2660 25.
325 2593 411 2671 ἴσως
439 2616 492 2669 τις
520 2591 632 2659 codd:
662 2615 745 2668 ισως
772 2616 826 2669 τις
856 2617 955 2676 ετερα
984 2595 1064 2681 Pap.
1109 2601 1161 2662 40.
1185 2621 1285 2660 κατα-

124 2694 285 2778 γέλαστόν
319 2695 412 2762 ἐστιν
445 2693 555 2762 codd:
593 2695 841 2778 καταγελαστον
874 2719 909 2760 τι
943 2719 1036 2762 εστιν
1069 2699 1161 2784 Pap,
1197 2701 1284 2784 quod

126 2797 246 2865 hiatum
270 2800 358 2864 facit.
405 2801 455 2862 52.
479 2794 586 2878 λόγων
610 2797 667 2860 καὶ
690 2797 801 2864 codd:
830 2798 938 2881 λογων
967 2821 1004 2864 τε
1034 2823 1093 2865 και
1114 2802 1212 2888 Pap.;
1242 2805 1282 2869 of:

125 2899 236 2967 Filium:
273 2921 353 2968 mus.
381 2899 484 2966 Rhen.
512 2898 661 2965 XXXIII
688 2899 868 2984 11334135.
914 2903 965 2966 53.
988 2901 1128 2979 τούτους
1163 2925 1285 2969 acoro-

125 3001 245 3080 τάτους
270 3003 381 3070 codd:
410 3023 568 3075 τουτους
597 3023 651 3076 ως
674 3021 902 3077 πιστυτατσυς
924 3003 1004 3088 Pap.
1028 3004 1283 3090 (dittographia).

126 3105 174 3170 82.
189 3116 265 3182 τοῖς
280 3105 342 3186 μὲν
358 3099 546 3184 συμμάχοις
563 3102 673 3169 codd:
696 3105 977 3183 compescitum
994 3127 1181 3187 συμμαχοις
1193 3109 1284 3194 Pap„

124 3207 162 3273 cf.
184 3219 259 3284 τοῖς
283 3203 317 3270 d'
342 3199 457 3282 ἄλλοις
479 3201 606 3288 diique.
650 3206 701 3269 87.
725 3203 782 3268 καὶ
812 3209 915 3269 πέντε
944 3206 1054 3273 codd-2
1085 3231 1156 3271 και
1185 3231 1285 3272 κατα

124 3332 224 3374 πεντε
247 3310 329 3394 Pap.
352 3305 605 3391 (dittograpbia).
653 3309 723 3370 114.
740 3303 877 3370 πάντων
894 3311 925 3370 Γ
934 3303 1039 3385 (ἅπαν
1055 3313 1122 3385 Λ);
1144 3334 1179 3376 τι
1200 3335 1283 3376 παν-

123 3432 188 3472 των
210 3412 292 3495 Pap.
339 3414 410 3476 116.
433 3407 494 3494 τὴν
516 3405 786 3485 lacedemones
808 3410 891 3487 (scil.
914 3407 1031 3494 πόλιν)
1053 3411 1165 3477 codd:
1188 3412 1283 3478 λακε-

125 3515 308 3594 ὁαιμονιων
344 3535 448 3594 αρχην
482 3509 563 3592 Pap.
609 3510 681 3573 125.
705 3508 912 3591 παραλαβὼν
942 3510 1053 3578 codd:
1089 3535 1145 3576 και
1172 3537 1283 3596 παρα-

123 3614 233 3696 λυβων
256 3616 336 3699 Pap.
384 3617 455 3680 132.
479 3611 668 3694 διείλεγμαι
688 3611 750 3691 μὲν
774 3612 884 3678 codd.·
916 3613 1105 3697 διειλεγμαι
1133 3637 1195 3695 μεν
1217 3637 1281 3698 γαρ

123 3717 201 3801 Pap.
248 3721 319 3784 132.
343 3712 430 3780 αὐτὰ
452 3713 563 3781 codd:
586 3735 632 3776 err
654 3735 739 3774 αυτα
754 3713 846 3797 Pap„
870 3714 958 3798 quod
972 3713 1052 3780 mihi
1068 3717 1186 3802 placet,
1209 3737 1282 3784 cum

122 3819 245 3887 Isocrat
231 3827 280 3886 tes
303 3839 376 3886 cnm
397 3817 508 3885 verbis
532 3813 738 3879 ἐπανελθεῖν
762 3817 816 3882 vel
838 3814 1002 3881 ἐπελθεῖν
1024 3820 1282 3902 praepositiones

124 3917 181 3986 ἐπὶ
211 3929 269 3988 aut
298 3920 384 3998 εἰς
375 3939 508 4002 iungere
538 3917 721 3998 soleatos.
752 3913 958 3983 ἐπανελθεῖν
988 3917 1049 3984 ἐπί
1075 3941 1124 3985 τις
1157 3921 1202 3986 IV
1229 3922 1280 3986 63.
1343 3961 1345 3965 -

123 4022 167 4088 VI
189 4025 239 4089 82.
265 4029 326 4089 110
349 4017 716 4106 (taettdvtxlvtc
740 4016 1073 4098 consalutandum
1095 4021 1194 4088 Χ39.
1217 4022 1282 4088 XII

124 4125 174 4190 88
222 4123 332 4192 138.
315 4151 352 4212 ην
372 4149 392 4189 τ
396 4122 542 4192 ³..codd
569 4143 609 4205 ην
631 4143 668 4185 τε
691 4143 767 4195 πως
789 4121 869 4206 Pap.
916 4126 987 4190 138.
1011 4121 1281 4208 καταφεύξυνται

55 4287 58 4294 ¹
172 4223 286 4279 mauge
298 4225 399 4269 suum.
418 4224 493 4269 xvn.
