3198 4974
325 389 387 448 188
802 391 866 447 Otto
885 392 1012 448 Bccksch

324 564 481 650 templum
498 562 715 630 dedicandum
731 571 826 646 esset,
843 563 1009 631 Valerium
1031 565 1162 650 afuisse,
1185 571 1220 632 ut
1242 565 1352 635 hostes
1375 567 1487 636 deien-

324 665 440 731 deret?
486 664 580 744 Quod
602 666 631 732 si
653 667 754 733 semel
776 667 943 733 inventum
966 673 1051 750 erat,
1074 667 1155 734 illud
1179 688 1307 752 quoque
1329 670 1486 738 facillime

323 766 410 833 adici
425 772 561 850 poterat,
585 767 755 835 Horatium
770 769 877 852 ipsum
892 767 1023 836 Valerio
1045 769 1189 852 absente,
1212 777 1248 836 ut
1269 771 1486 840 dedicationis

325 869 479 935 honorem
513 877 782 953 praeoccuparet,
813 871 929 954 egisse.
981 869 1105 949 Quibus
1136 873 1182 938 itu
1210 875 1391 942 constitutis
1418 876 1487 942 iam

323 978 414 1037 tenes
430 971 713 1037 narrationem
735 971 1029 1057 Dionysianam
1045 974 1075 1039 V
1091 977 1142 1056 35,
1158 977 1188 1057 2,
1210 994 1293 1058 quac
1308 982 1345 1041 ut
1359 977 1485 1060 simpli·

324 1074 437 1147 citato,
459 1092 555 1156 quam
578 1074 797 1156 exposuimus,
820 1075 868 1140 ita
896 1076 1139 1159 compositionis
1161 1077 1320 1142 brevitate
1343 1079 1486 1161 priorem

322 1175 431 1258 prodit
448 1180 599 1241 aetatem.
637 1175 830 1260 Dionysium
853 1183 971 1260 autom,
995 1178 1050 1261 qui
1072 1176 1265 1245 novissimos
1287 1178 1356 1246 fere
1378 1179 1487 1248 fontes
1585 1257 1586 1264 ἵ

322 1277 451 1343 videtur
466 1282 594 1344 secutus
617 1297 698 1361 esse,
722 1284 788 1343 tam
811 1279 977 1361 antiquam
1000 1280 1158 1362 praebere
1179 1280 1316 1346 formam
1339 1300 1421 1348 cave
1444 1302 1485 1350 ne

322 1379 458 1446 mireris.
490 1377 669 1446 Occurrunt
685 1381 771 1444 enim
787 1381 918 1463 saepius
933 1380 966 1446 in
989 1381 1069 1466 ipsis
1091 1382 1248 1465 partibus,
1272 1401 1356 1465 quae
1379 1403 1486 1450 seram

323 1483 463 1548 clamant
477 1487 628 1563 aetatem,
651 1482 807 1564 pristinae
830 1481 1006 1547 memoriae
1028 1483 1177 1566 vestigia,
1201 1503 1285 1566 quae
1306 1485 1366 1550 vix
1387 1486 1485 1553 aliter

321 1583 527 1666 interpretari
557 1583 678 1666 possis,
712 1583 776 1650 nisi
806 1589 842 1648 ut
863 1583 1014 1667 Dionysii
1042 1589 1209 1650 auctorem
1236 1587 1419 1654 recentiora
1454 1595 1486 1654 ct

321 1686 506 1768 antiquiora
537 1685 571 1750 in
600 1705 719 1751 novam
749 1682 942 1752 conflavisse
971 1686 1188 1752 narrationem
1218 1693 1350 1756 statuas.
1402 1688 1485 1769 Quis
1585 1685 1586 1750 ζ

258 1792 259 1796 ’
322 1788 376 1854 hic
390 1787 488 1852 fuerit
502 1793 623 1870 auctor,
640 1805 825 1870 quanquam
840 1806 926 1853 nunc
940 1808 1005 1854 non
1021 1807 1107 1872 curo,
1130 1789 1352 1856 adnotandum
1375 1797 1484 1860 tamen

321 1896 417 1973 puto,
440 1887 641 1956 Nitzschium
665 1894 697 1954 et
718 1887 887 1955 Virckium
909 1889 1035 1957 Licinio
1058 1890 1167 1957 Macro
1190 1889 1250 1957 has
1271 1899 1381 1974 partas
1403 1896 1485 1961 assi-

321 1993 485 2075 gnavissc.

410 2095 490 2159 Erat
504 2099 611 2158 tamen
626 2099 756 2176 praeter
771 2092 856 2160 hanc
878 2094 1013 2160 altera
1039 2094 1237 2178 quaedam
1260 2097 1327 2162 via
1350 2099 1487 2182 expli·

322 2195 459 2278 candi,
490 2193 690 2278 quomodo
719 2195 819 2260 fieri
848 2197 1072 2279 potuisset,
1102 2203 1143 2262 ut
1172 2217 1249 2264 non
1271 2197 1484 2285 Valerius,
1585 2275 1586 2286 χ

321 2297 599 2365 sedHoratius
616 2299 809 2382 templum
822 2297 1045 2364 dedicaret.
1061 2297 1331 2366 Permultisenim
1343 2301 1376 2367 iu
1388 2302 1486 2368 rebus

322 2399 564 2484 magistratibus
579 2399 733 2467 Romanis
748 2400 993 2468 usitatissimum
1009 2405 1079 2465 erat
1093 2407 1203 2466 sorte
1228 2403 1340 2468 iacta
1353 2405 1486 2487 provin·

321 2504 388 2570 cias
404 2501 606 2569 distribuere.
638 2501 715 2586 Sed,
732 2501 852 2585 siquid
867 2501 975 2586 video,
991 2503 1097 2570 minus
1112 2503 1146 2568 in
1157 2508 1309 2588 promptu
1320 2510 1391 2570 erat
1402 2505 1486 2574 haec

320 2605 420 2688 ratio,
451 2623 547 2689 quam
576 2603 696 2687 altera,
727 2623 801 2670 cum
823 2605 988 2671 rarissime
1010 2610 1111 2687 sorte,
1139 2605 1330 2689 plerumque
1352 2615 1486 2678 senatus

322 2707 468 2773 consulto
506 2711 563 2772 aut
596 2706 710 2791 populi
744 2707 825 2772 scito
859 2705 1102 2772 dedicationum
1136 2705 1276 2774 bonores
1309 2709 1486 2777 videantur
1585 2743 1586 2752 ι

321 2807 482 2891 dispertiti
516 2827 598 2875 esse.
611 2809 634 2885 ¹)
689 2807 800 2874 Serius
834 2807 947 2891 igitur,
983 2827 1080 2890 quam
1112 2809 1202 2892 prior
1235 2809 1293 2876 illa
1326 2808 1485 2880 historiae

320 3013 431 3080 delata
453 3031 525 3078 esse
546 3011 727 3087 ferebatur,
755 3013 865 3078 nescio
895 3013 967 3094 quis
993 3011 1123 3078 videtur
1145 3013 1367 3098 substituisse;
1399 3035 1486 3098 quae

321 3115 399 3199 quin
420 3134 457 3180 re
479 3133 559 3179 vcra
580 3115 615 3179 iu
637 3114 808 3181 annalibus
831 3114 986 3180 Romanis
1009 3111 1115 3193 fuerit,
1138 3134 1204 3180 non
1226 3113 1349 3182 dubito.

404 3215 459 3282 Ad
486 3235 546 3282 nos
573 3233 651 3282 sane
673 3235 738 3282 non
761 3217 826 3282 iam
850 3217 976 3298 integra
998 3212 1080 3282 haec
1102 3215 1205 3281 forma
1227 3218 1394 3302 pervenit,
1424 3221 1484 3288 sed

218 3293 221 3306 ⁵
320 3339 405 3386 cum
431 3337 536 3385 novo
558 3324 785 3385 commento
808 3318 1048 3385 coniuncta:
1079 3337 1165 3384 cum
1187 3317 1335 3386 fraude
1358 3321 1484 3389 Vale-

321 3421 475 3487 riorum
505 3427 648 3486 contra
669 3420 884 3501 Horatium
907 3420 1100 3502 parata.²)
1144 3419 1243 3488 Cuius
1266 3420 1482 3492 additamenti

319 3523 456 3587 formam
470 3523 739 3606 antiquissimam,
756 3541 853 3606 quam
865 3519 997 3604 quidem
1008 3519 1117 3587 adbuc
1127 3521 1280 3588 traditam
1292 3521 1481 3609 habeamus,

320 3621 492 3690 Cassius
523 3623 616 3708 Dio,
643 3625 707 3692 nisi
728 3625 839 3708 fallor,
869 3622 1013 3691 exbibet.
1024 3624 1048 3702 ³)
1091 3623 1283 3690 Rectissime
1307 3625 1393 3692 enim
1415 3627 1481 3694 iam

409 3894 434 4044 ii
451 3890 707 4034 gfonhigticlgnzdlrirz
717 3978 886 4034 Nitsschium
900 3972 965 4034 ‘Die
982 3975 1118 4032 romische
1134 3975 1303 4034 Annalistik'
1321 3995 1348 4048 p.
1366 3983 1401 4034 42
1418 3979 1482 4036 huic

319 4061 484 4116 narrationis
502 4061 576 4130 parti
593 4063 810 4131 antiquissimam
827 4063 966 4120 vindicare
982 4066 1154 4119 vetustatem.

406 4148 431 4212 3)
448 4145 481 4200 ir.
502 4149 532 4199 13
552 4147 594 4204 sd.
612 4147 725 4206 Melber.

207 2919 210 2928 '
319 2912 422 2978 forma
438 2912 612 2978 constituta
634 2915 693 2993 est,
717 2909 810 2994 hanc,
834 2929 899 2994 qua
921 2909 1086 2976 dedicatio
1108 2909 1151 2976 ad
1173 2909 1345 2978 Horatium
1366 2920 1485 2981 sorte
1585 2933 1586 2936 ’
