3170 4984
247 409 288 465 De
304 407 427 464 tontibus
445 406 572 478 Dionysii
587 407 838 464 Halccrnusrensis
856 407 1029 476 quaestiones
1047 408 1146 465 variae.
1219 409 1280 468 251

121 581 322 666 superiorum
344 583 436 650 libris
458 583 579 666 scriptu
601 581 788 664 invenisset,
811 575 901 648 nullo
923 586 1020 664 pacto
1044 580 1183 648 credam.
1228 582 1282 666 At,

120 689 156 752 ut
177 702 220 750 ex
235 683 400 751 Plutarchi
419 673 633 750 ‘Publicolae'
660 679 801 767 quodam
822 683 895 750 loco
911 683 1066 767 colligere
1088 684 1174 766 licet,
1198 685 1280 751 tales

121 785 163 851 dc
191 785 289 869 plebe
317 786 446 852 illorum
473 791 655 870 temporum
683 785 852 867 opiniones
873 787 981 854 animo
1011 787 1074 854 ribi
1096 785 1218 870 tingere
1240 818 1283 832 --

120 889 184 954 nisi
214 886 269 955 hic
295 905 424 972 quoque
453 888 518 953 iam
547 888 590 954 ab
612 885 877 954 antecedentibus
905 890 1097 973 accepit-
1118 907 1140 955 a
1163 887 1284 955 Valerii

120 990 262 1057 Antiatis
284 991 410 1056 ratione
431 1009 471 1056 cc
493 988 726 1056 consuetudine
755 1007 821 1055 non
848 989 910 1055 fnit
938 991 1089 1057 alienum
1134 991 1285 1074 Namque

121 1091 206 1158 Plut.
230 1092 324 1158 Publ.
348 1109 419 1174 cap.
443 1093 463 1154 2
486 1092 520 1158 in
541 1091 607 1157 fine
620 1091 770 1158 Valerius
788 1091 969 1177 Publicola,
992 1093 1162 1177 Tarquinii
1183 1093 1286 1175 legati

120 1215 155 1262 re
178 1193 301 1262 intecta
321 1200 357 1260 nt
372 1193 618 1275 dimitterentur,
642 1193 749 1275 egisse
764 1191 892 1276 dicitur,
915 1211 956 1260 ne
974 1195 1095 1262 sineret
1118 1186 1285 1277 ἀνθρώ-

120 1319 222 1374 ποις
244 1298 399 1382 πένησι
420 1294 490 1358 καί
511 1298 823 1379 βαρυνομένοις
845 1295 1004 1378 μᾶλλον
1033 1297 1106 1382 τῆς
1133 1317 1285 1379 τυραν-

120 1397 241 1476 νίδος
261 1393 333 1464 τὸν
355 1394 542 1480 πόλεμον
566 1389 695 1483 ἀρχὰς
712 1397 781 1462 καὶ
804 1389 1045 1483 προφάσεις
1061 1417 1285 1482 νεωτερισ-

119 1508 208 1585 μῶν
231 1501 495 1586 ἐγγενέσθαι.
541 1498 648 1578 Quare
673 1499 836 1567 Valerium
859 1499 1023 1565 Antiatem
1048 1498 1125 1583 boc,
1155 1498 1197 1565 de
1220 1517 1285 1582 quo

119 1604 258 1688 agimus,
274 1603 347 1670 loco
362 1621 383 1668 a
397 1602 558 1686 Dionysio
574 1602 771 1686 exscriptum
787 1617 868 1684 esse,
891 1602 1081 1684 praesertim
1098 1619 1171 1668 curn
1186 1601 1285 1667 etiam

119 1707 153 1771 in
168 1705 200 1772 V
216 1708 323 1789 btsq,
347 1711 383 1770 ut
404 1704 550 1786 videtur,
573 1721 648 1768 eum
670 1702 834 1784 adhibuit,
856 1721 920 1768 non
943 1703 1013 1769 sine
1035 1703 1148 1787 aliqua
1168 1703 1286 1786 proba·

118 1807 247 1874 bilitatc
270 1805 477 1874 coniciamus.
521 1805 646 1872 Tamen
674 1804 757 1872 nihil
785 1825 843 1888 pro
867 1811 955 1872 certo
976 1803 1147 1871 adfirmare
1169 1805 1285 1886 ausim,

118 1911 194 1994 nisi,
218 1927 303 1994 quae
325 1927 424 1992 supra
438 1908 482 1974 de
496 1907 717 1974 coniuratione
741 1907 900 1993 excerpsi,
924 1927 967 1974 ex
981 1907 1100 1974 Licinii
1114 1906 1287 1973 annalibus

118 2010 240 2078 bansta
260 2031 325 2077 non
348 2030 429 2077 esse.
474 2007 591 2076 dosora
613 2009 717 2092 enim,
740 2027 825 2092 quae
847 2007 899 2076 bis
922 2009 956 2074 in
978 2010 1140 2094 capitibus
1162 2007 1286 2074 inveni·

117 2118 226 2195 untur,
250 2111 373 2180 indicia
387 2112 562 2178 incertiora
576 2117 659 2194 suut,
682 2129 780 2194 quam
795 2117 831 2176 ut
846 2117 935 2178 certa
949 2111 1025 2178 inde
1041 2112 1197 2196 colligere
1211 2129 1286 2194 pos·

118 2215 232 2282 simus.
273 2215 385 2280 Facile
408 2233 486 2280 eane
509 2213 537 2280 si
560 2213 754 2297 Dionysium
776 2213 942 2280 audiveris
965 2214 1185 2298 explicantem
1207 2232 1284 2296 quo·

118 2315 216 2384 modo
246 2314 317 2382 lieri
345 2315 502 2400 potuerit,
535 2321 570 2380 ut
599 2315 643 2393 ad
672 2315 738 2380 tnle
771 2315 878 2380 scelus
912 2315 1022 2398 plebei
1052 2315 1199 2383 homines
1228 2313 1285 2380 ad-

119 2418 311 2501 licerentur,
333 2417 495 2484 Licinium
516 2417 622 2500 ipsum
645 2416 734 2499 loqui
761 2417 937 2499 putaveris.
986 2415 1076 2484 Dicit
1096 2419 1181 2485 enim
1205 2415 1287 2483 baec

119 2521 299 2607 Dionysius
322 2519 350 2585 V
373 2523 432 2603 53,
456 2523 491 2585 2:
520 2511 582 2605 ἤδη
614 2510 802 2582 dinoscunt
830 2514 868 2582 τὸ
900 2514 988 2583 πολὺ
1017 2520 1077 2583 τοῦ
1106 2517 1286 2606 δημοτικοῦ

120 2626 224 2708 μέρος
251 2622 308 2688 καὶ
339 2619 464 2702 ἐνόσει,
493 2618 642 2704 μάλιστα
672 2617 709 2684 δὲ
738 2614 776 2684 τδ
806 2611 936 2703 ἄπορον
964 2622 1021 2686 καί
1048 2616 1116 2688 ὑπὸ
1145 2619 1286 2687 δανείων

119 2717 444 2814 ἠναγκασμένον
465 2724 583 2811 μηκέτι
605 2719 647 2786 τὰ
670 2719 834 2805 κράτιστα
855 2722 905 2806 τῷ
933 2725 1036 2808 κοινῷ
1063 2735 1216 2810 φρονεῖν·
1241 2747 1286 2788 ον

120 2823 199 2912 γὰρ
228 2823 482 2914 ἐμετρίαζον
511 2822 552 2890 ἐν
579 2836 673 2901 ταῖς
704 2819 921 2900 ἐξουσίαις
943 2823 982 2890 οἱ
1005 2822 1287 2905 δανείζοντες,

121 2921 191 2994 δείλ’
212 2926 262 3004 είς
278 2923 421 3010 δεσμοὺς
435 2923 478 2991 τὰ
493 2927 562 2991 τῶν
575 2920 750 3008 ὑποχρέων
765 2925 896 3012 ἀπῆγον
912 2919 1051 3009 σώματα
1073 2927 1130 2993 καί
1145 2917 1174 2991 δι’
1182 2948 1289 3011 οπερ

121 3022 436 3118 ἀργυρωνήτοις
457 3020 604 3105 αὐτοῖς
627 3025 819 3112 ἐχρῶντο.
855 3029 970 3112 Itaque
984 3031 1095 3097 nescio
1110 3049 1153 3097 an
1168 3031 1289 3114 aliquis

121 3133 192 3200 iure
207 3131 351 3217 quodam
367 3131 547 3214 suspicetur
562 3131 766 3216 Dionysium,
790 3149 987 3215 quamquam
1001 3130 1063 3198 boc
1077 3131 1148 3199 loco
1163 3132 1208 3198 ad
1221 3133 1288 3197 An-

122 3235 237 3302 tiatem
259 3235 365 3318 magis
387 3251 423 3300 se
437 3235 645 3319 applicasset,
669 3239 778 3299 tamen
801 3234 899 3299 etiam
921 3231 1083 3300 siricinio
1105 3232 1147 3300 de
1163 3235 1290 3318 origine

122 3353 161 3403 ac
177 3336 286 3404 masis
307 3336 480 3402 intestinae
496 3334 679 3403 discordiae
695 3333 876 3402 disserente
891 3334 1051 3418 quosdam
1067 3337 1190 3404 colores
1206 3338 1290 3421 peti·

122 3440 229 3520 visse,
254 3455 319 3522 qno
342 3437 485 3504 ornatior
506 3442 540 3503 et
560 3437 687 3521 plenior
709 3437 901 3521 compositio
923 3455 983 3503 sua
1004 3435 1105 3504 fieret.
1151 3437 1218 3505 Sed
1248 3459 1289 3506 ue

122 3540 205 3606 illud
229 3539 361 3624 quidem
384 3541 494 3624 inepte
516 3538 719 3606 contenderit
741 3539 903 3623 quispiam
926 3537 1089 3605 Valerium
1112 3540 1288 3625 Antiatem,

123 3647 290 3726 tamqnam
305 3640 426 3707 Valerii
449 3639 638 3708 Publicolae
661 3659 740 3725 erga
761 3640 892 3724 plebem
906 3639 1028 3708 amoris
1044 3649 1076 3708 et
1097 3643 1290 3711 clementiae

123 3741 297 3826 heredem,
324 3744 358 3808 in
387 3741 522 3810 historia
544 3742 754 3826 depingenda
777 3743 884 3826 ipsum
907 3761 1036 3826 quoque
1057 3744 1183 3828 plebeis
1205 3745 1291 3812 adeo

122 3841 264 3928 iuvisse,
293 3851 329 3910 nt
350 3843 494 3911 medium
518 3845 679 3929 quendam
700 3846 807 3911 locum
831 3847 915 3911 inter
937 3845 1110 3930 optimates
1132 3853 1166 3913 et
1186 3867 1291 3934 popu·

123 3947 210 4014 lares
233 3953 347 4014 tenens
368 3952 404 4012 et
423 3963 583 4014 excusare
603 3967 644 4014 uc
665 3946 841 4014 defendere
863 3947 995 4031 plebem
1017 3947 1162 4016 studeret
1183 3969 1290 4035 usqne

126 4054 248 4133 tamen,
270 4067 354 4133 quae
376 4049 435 4114 illa
456 4056 634 4134 peccasset,
658 4049 788 4117 omnino
811 4055 942 4115 taceret

212 4149 280 4217 bed
309 4157 420 4218 conta
448 4152 488 4217 in
510 4169 593 4237 cap.
619 4154 665 4216 52
685 4151 893 4250 ,quaedam
917 4159 1151 4236 occurrunt,
1183 4173 1286 4238 quae
