3134 4986
283 365 346 426 398
724 363 850 433 Edgurus
868 362 981 417 Martini

283 549 335 608 tus
366 547 416 608 est
442 538 635 621 admiscuit,
665 537 856 621 praesertim
884 555 956 602 cum
983 519 1057 619 ipse
1078 533 1143 601 boc
1164 551 1200 600 se
1221 533 1337 600 iecisse
1358 531 1443 600 baud

284 648 369 710 tecte
399 641 585 727 pronuntiet
609 638 662 718 (cl.
685 659 717 723 p.
735 642 785 722 17,
802 638 918 715 32D.).
962 636 1036 703 Non
1059 637 1223 703 'absimilis
1249 635 1357 702 Plinio
1377 635 1443 700 Pri·

285 745 415 812 scianus
437 743 550 828 Lydus
575 749 625 809 est
647 741 703 825 qui
722 732 972 806 ‘solutionibus'
997 738 1041 806 ad
1063 737 1230 806 Choeroen
1250 737 1358 804 missis
1379 737 1444 803 ion-

284 848 366 912 tium
395 845 587 912 laterculum
616 841 794 927 praemisit
831 842 869 907 In
895 861 959 924 quo
981 848 1110 925 praeter
1131 859 1228 907 veros
1249 840 1353 906 lontes
1375 846 1446 906 sunt

284 965 368 1031 quae
404 965 481 1014 num
518 945 560 1011 ab
593 946 666 1028 ipso
698 941 865 1010 Prisciano
898 945 1045 1027 inspecta
1077 943 1140 1010 sint
1172 942 1288 1008 merito
1320 941 1446 1007 dubitu-

284 1049 380 1116 veris.
388 1052 409 1125 ¹)
453 1047 549 1114 Nuda
577 1052 686 1113 autom
714 1066 754 1112 ac
783 1065 860 1112 vere
888 1052 921 1112 ot
949 1047 1018 1112 sine
1044 1045 1112 1112 nlla
1133 1043 1316 1110 iactationis
1339 1044 1447 1126 specio
1552 1111 1553 1128 ¹

284 1157 433 1218 auctores
462 1171 537 1218 suos
564 1147 789 1234 significavere
810 1147 988 1215 Arrbianus
1016 1149 1050 1213 in
1078 1145 1179 1232 praei
1199 1140 1318 1212 ‘Anab
1342 1138 1444 1212 Alex?

286 1259 319 1320 et
339 1253 520 1319 Antoninus
541 1249 711 1331 Liberalis,
740 1247 782 1314 de
805 1250 895 1316 cuius
916 1248 1052 1316 fontium
1075 1247 1226 1316 indiculis
1248 1247 1325 1314 vide
1347 1249 1446 1332 praei.

286 1362 385 1422 nostr.
423 1355 466 1420 ad
503 1353 577 1419 Ant
611 1351 682 1418 Lib.
708 1370 740 1435 p.
769 1349 874 1416 XLIV
885 1369 955 1434 sqq.
992 1349 1092 1417 Hisce
1129 1350 1255 1417 duobus
1289 1349 1371 1416 viris
1406 1351 1446 1416 ob
1553 1425 1554 1434 ἵ

284 1457 400 1522 montis
430 1451 671 1535 simplicitatem
700 1459 732 1520 et
760 1453 954 1537 probitatem
982 1453 1164 1537 conspicuis
1186 1452 1300 1519 tertius
1321 1451 1446 1519 accedit

284 1557 563 1734 olaogffizs·ideo
584 1655 788 1738 potissimum
809 1655 975 1741 disputavi
998 1655 1086 1739 quod
1108 1661 1141 1722 et
1162 1655 1311 1723 homines
1333 1657 1442 1724 doctos

284 1758 431 1824 novicios
454 1757 487 1821 in
509 1757 695 1823 universum
716 1757 858 1841 iniquius
881 1777 978 1841 quam
1000 1777 1060 1841 par
1082 1763 1133 1824 est
1154 1757 1196 1824 de
1218 1765 1364 1825 veterum
1381 1758 1443 1825 lide
1554 1751 1555 1766 ¹

283 1860 442 1925 litteraria
463 1857 609 1924 iudicare
631 1858 728 1925 video
744 1879 929 1944 pronosque
953 1877 1024 1924 esse
1039 1858 1083 1924 ad
1098 1859 1311 1926 dubitandum
1327 1861 1370 1926 de
1384 1861 1441 1927 sin-

285 1962 420 2027 ceritate
435 1959 594 2026 eiusmodi
612 1959 854 2028 adnotationum
870 1961 976 2046 qualis
991 1961 1050 2026 illa
1072 1968 1121 2027 est
1140 1980 1225 2044 quae
1247 1962 1337 2046 apud
1355 1963 1439 2030 Oloo-
1555 2041 1556 2056 χ

264 2061 412 2128 *medem
434 2063 601 2146 reperitur.

372 2163 438 2230 Sed
461 2165 527 2230 iam
551 2183 751 2246 exponamus
774 2170 894 2247 quanto
917 2163 1131 2230 emolumento
1149 2163 1192 2230 sit
1206 2163 1389 2234 cteomcdis
1403 2167 1440 2234 de

284 2265 426 2332 fontibus
454 2266 521 2332 suis
547 2266 765 2332 testimonium
786 2265 829 2332 ad
852 2267 1051 2349 propositam
1074 2267 1297 2348 quaestionem
1320 2270 1439 2336 solven-

285 2367 371 2434 dam.
414 2366 496 2434 Oum
526 2374 559 2433 et
580 2366 720 2432 Plinium
750 2374 782 2434 et
802 2366 965 2434 Achillem
995 2373 1028 2432 ot
1049 2366 1223 2435 Geminum
1245 2372 1440 2453 gravissimis

285 2469 484 2554 argumentis
506 2466 580 2536 freti
603 2467 738 2536 idoneos
761 2487 833 2536 esse
854 2469 1081 2551 negaverimus
1103 2490 1124 2535 a
1146 2472 1263 2553 quibus
1285 2473 1340 2556 qui
1355 2474 1439 2539 Pori·

285 2572 447 2640 donianae
470 2570 512 2637 de
530 2571 627 2636 rebus
642 2571 836 2637 caelestibus
852 2570 1017 2636 doctrinae
1032 2569 1151 2637 rudera
1165 2571 1321 2656 indagare
1337 2575 1439 2642 decre
1557 2637 1558 2644 ,

284 2676 392 2740 verint
412 2671 666 2757 proficiscantur,
689 2671 771 2738 nihil
793 2673 900 2738 obstat
921 2692 962 2738 ne
977 2669 1162 2739 Cleomedis
1181 2676 1371 2758 scripturam
1386 2695 1439 2759 pro

286 2777 397 2842 stabili
412 2773 582 2859 solidoque
597 2773 806 2840 fundamento
822 2773 1008 2856 habeamus,
1024 2777 1145 2858 quippe
1160 2795 1258 2858 quam
1272 2777 1440 2842 maximam

284 2885 411 2961 partem
434 2875 655 2943 Posidoniana
683 2875 839 2942 exhibere
867 2877 1050 2942 testimonio
1077 2877 1179 2960 ipsius
1202 2877 1386 2944 Cleomedis
1406 2879 1438 2943 li-

285 2979 386 3062 quido
415 2985 549 3044 constet.
594 2979 736 3044 Primum
758 2979 856 3061 igitur
878 2977 1128 3061 perquirendum
1151 2979 1267 3062 quibus
1289 2980 1371 3047 locis
1393 2979 1439 3047 bic

286 3079 455 3147 Posidonii
478 3080 654 3146 sententias
676 3085 921 3163 repraesentare
944 3080 1108 3145 videatur:
1131 3081 1333 3147 inveniemus
1355 3082 1438 3148 Posi·

286 3183 417 3250 donium
447 3180 492 3246 ad
522 3181 662 3265 priorem
691 3181 809 3246 librum
836 3201 901 3246 non
929 3187 994 3246 tam
1020 3183 1148 3264 prolixe
1170 3182 1353 3249 adhibitum
1374 3203 1439 3250 esse

286 3305 383 3368 quam
412 3281 455 3349 ad
482 3283 620 3348 alterum
642 3283 675 3348 in
697 3301 761 3366 quo
785 3301 868 3366 quae
890 3281 1110 3366 disceptantur
1131 3283 1352 3350 Posidoniana
1372 3289 1440 3352 sunt

287 3393 410 3452 tantum
433 3405 498 3450 non
521 3386 637 3450 omnia.
681 3384 750 3450 Iam
772 3385 982 3450 instrumento
1006 3385 1140 3468 opiparo
1163 3386 1310 3454 instructi
1331 3389 1438 3454 trausi-

286 3495 354 3553 tum
369 3488 525 3553 iaciemus
540 3485 584 3551 ad
595 3485 774 3569 Achillem3
789 3492 857 3552 tum
868 3486 1009 3554 Plinium
1022 3486 1313 3571 considerabimus;
1328 3508 1439 3572 agmon

287 3589 417 3655 claudet
431 3588 598 3654 Geminus.
636 3587 687 3652 Ex
710 3587 799 3655 bisce
822 3595 972 3672 quattuor
994 3589 1202 3672 scriptoribus
1217 3589 1384 3657 Posidonii
1401 3590 1438 3657 de

286 3691 438 3758 metauris
467 3689 646 3756 doctrinam
674 3709 825 3772 magnam
854 3697 978 3774 partem
1005 3691 1162 3773 reingere
1189 3691 1276 3757 licet.
1321 3693 1438 3759 Tamen

377 3858 402 3921 ι)
420 3857 446 3907 Δ
463 3855 545 3910 Plinii
562 3861 590 3908 et
601 3855 736 3909 Prisciani
753 3856 868 3911 fontium
886 3857 1025 3912 laterculis
1042 3857 1139 3926 procul
1150 3855 1276 3911 habenda
1287 3859 1437 3912 suntlater·

287 3940 350 3995 cula
365 3939 447 4009 plane
463 3939 543 3995 fictos
561 3941 758 4009 amentitcsque
774 3945 902 3996 auctores
920 3942 1087 3996 continentia
1104 3941 1193 4010 qualis
1211 3946 1254 3995 est
1270 3943 1383 3997 sonuum
1398 3943 1437 3996 in·

287 4025 340 4080 dcx
352 4024 448 4078 Avieni
463 4024 493 4077 in
506 4021 574 4079 ‘Ora
590 4017 738 4079 maritima'
755 4041 779 4078 v.
799 4028 895 4095 ilsqq.
915 4031 950 4095 [p.
965 4031 1014 4081 lib
1026 4025 1125 4091 liold.].
1152 4025 1211 4094 Quo
1230 4025 1265 4080 de
1281 4027 1316 4083 ci.
1328 4027 1436 4082 llullcn·

286 4109 363 4166 boffii
376 4103 527 4164 ‘Deutscbe
545 4102 652 4162 sltem?
670 4109 761 4165 vol.1²
777 4127 805 4179 p.
825 4116 934 4180 ltaque,¹
