3318 4970
321 378 363 435 42
732 376 874 446 Augustus
891 378 1044 434 Junensaun

319 571 448 636 semper
464 552 509 618 ibi
526 557 632 618 eastra
647 548 760 618 habuit
780 569 885 634 neque
908 552 1005 618 aliam
1021 571 1161 636 unquam
1179 559 1294 636 postea
1314 555 1474 637 legionem

319 655 352 720 in
374 654 543 738 provinoia
564 660 720 720 moratam
744 671 814 720 esse
837 653 989 720 traditum
1011 660 1069 722 est.

405 757 505 822 Porro
539 755 757 838 quaerendum
791 762 849 838 est,
883 776 947 839 quo
980 777 1112 824 munere
1134 759 1294 825 Traianus
1323 775 1362 825 eo
1391 779 1476 826 anno

319 860 447 926 functus
480 859 531 941 sit,
565 877 637 924 oum
670 859 815 942 legiones
848 877 890 924 ex
920 859 1080 943 Hispania
1111 859 1274 926 abduoere
1303 861 1476 926 iuberetur.

320 960 394 1040 Qua
415 959 457 1026 de
479 979 514 1026 ro
537 979 608 1026 oum
631 958 784 1025 iudioium
815 967 936 1026 eertum
966 962 1049 1028 ferre
1071 982 1135 1028 non
1158 961 1264 1044 lioeat,
1293 963 1476 1046 periolitsn·

320 1062 407 1146 dum,
442 1082 517 1128 num
550 1061 720 1146 probabile
753 1062 830 1145 quid
865 1064 1050 1130 oouieotura
1082 1065 1211 1148 assequi
1241 1062 1410 1147 possimus.
1435 1097 1477 1110 —

319 1164 369 1231 Ao
402 1165 580 1231 Mommsen
590 1167 613 1242 ¹)
651 1163 781 1248 quidem
814 1166 926 1248 sentit,
964 1167 1138 1232 Traianum
1175 1165 1307 1232 alterius
1340 1167 1476 1233 duarum

319 1267 447 1332 illarum
470 1266 631 1349 legionem
655 1267 796 1349 legatum
819 1267 919 1333 fuisse
940 1273 1037 1350 atque
1066 1267 1137 1333 sive
1159 1269 1298 1351 plurium
1322 1269 1476 1352 stipendi·

320 1389 410 1436 orum
444 1375 530 1436 esset
562 1369 698 1452 legatus,
732 1370 802 1435 sive
835 1369 1005 1452 imperinm
1036 1370 1066 1435 ei
1094 1369 1280 1436 mandatum
1315 1378 1408 1454 esset,
1443 1373 1476 1437 in

317 1469 433 1538 itinere
455 1472 582 1555 utrique
604 1471 726 1554 legioni
748 1471 938 1554 praefuisse.
969 1472 1076 1554 Atque
1099 1472 1236 1554 legionis
1258 1473 1283 1537 l.
1299 1471 1477 1539 Adiutriois

318 1575 520 1658 potissimum
549 1574 692 1655 legatum
722 1592 793 1638 eum
816 1573 916 1639 fuisse
939 1591 1016 1639 vero
1038 1575 1221 1656 proximum
1246 1580 1304 1657 est,
1334 1572 1421 1657 quod
1445 1580 1478 1640 et

319 1676 401 1744 haeo
429 1677 515 1758 legio
546 1682 578 1741 et
599 1676 758 1741 Traianus
789 1676 860 1760 ipse
882 1680 997 1758 postea
1018 1675 1051 1740 in
1074 1674 1250 1742 Germania
1271 1677 1390 1742 morari
1413 1695 1477 1742 una

318 1778 581 1863 perseverabant,
611 1797 682 1842 oum
711 1777 799 1860 legio
821 1777 891 1842 Vll.
916 1775 1052 1843 Gemina
1074 1778 1106 1842 in
1129 1778 1319 1860 Hispaniam
1342 1779 1478 1845 remissa

319 1886 414 1946 esset.
459 1880 582 1963 Legato
611 1886 717 1944 autem
745 1879 882 1961 Augusti
910 1899 969 1962 pro
999 1885 1147 1962 praetore
1170 1881 1241 1945 looo
1264 1880 1396 1946 Antonii
1418 1879 1475 1946 Sa·

318 1980 435 2046 turnini
468 1981 538 2047 fieri
567 1981 707 2047 nondum
737 1982 768 2047 ei
797 1981 896 2056 linuit,
928 1982 1005 2065 quia
1026 2001 1111 2048 anno
1134 1981 1264 2048 demum
1287 1986 1338 2048 91.
1362 1981 1474 2048 oonsnl

319 2083 505 2166 designatus
528 2089 586 2151 est.
624 2083 737 2167 Itaque
753 2103 823 2150 oum
847 2085 985 2150 oertiora
1007 2103 1071 2150 non
1093 2083 1212 2149 tradita
1234 2085 1306 2164 sint,
1329 2083 1475 2166 acquies-

319 2185 456 2252 oendum
480 2192 529 2252 est
549 2183 583 2250 in
606 2205 656 2268 eo,
680 2185 767 2269 quod
789 2187 962 2252 Traianum
987 2193 1062 2270 tum,
1086 2206 1158 2253 oum
1181 2186 1267 2264 bello
1283 2185 1475 2252 Germanico
1570 2271 1573 2279 r

317 2289 455 2355 feliciter
484 2294 611 2371 patrato
641 2289 674 2353 in
697 2288 873 2355 Germania
901 2290 1066 2372 superiore
1095 2290 1246 2356 oontinuo
1275 2288 1475 2370 versabatur,

317 2392 459 2475 legatum
493 2390 641 2474 legionis,
675 2391 811 2457 fortasse
840 2390 865 2454 1.
894 2390 1069 2458 Adiutriois
1099 2391 1199 2458 luisse
1231 2408 1290 2473 per
1323 2408 1358 2455 se
1392 2389 1475 2455 veri·

316 2494 422 2560 simile
444 2498 502 2560 est.

402 2595 471 2660 Iam
493 2595 763 2678 investigantibus
792 2595 895 2679 nobis,
926 2615 991 2679 qua
1013 2594 1053 2660 de
1077 2613 1176 2661 eausa
1198 2593 1280 2660 baeo
1301 2593 1388 2676 legio
1412 2609 1476 2656 una

317 2717 390 2764 oum
412 2697 541 2779 legione
557 2695 627 2762 VII.
644 2696 782 2762 Gemina
804 2697 836 2762 in
852 2696 1058 2763 Germaniam
1073 2698 1177 2763 aooita
1192 2697 1242 2779 sit,
1266 2695 1389 2760 Plinius
1404 2693 1474 2775 ipse

317 2806 470 2882 tanquam
491 2817 587 2864 ansas
608 2799 753 2882 praebet,
775 2805 811 2863 ut
832 2817 943 2864 verum
968 2818 1125 2865 eruamus.
1163 2799 1200 2863 ln
1221 2803 1366 2864 extremo
1390 2795 1474 2861 enim

317 2902 435 2985 eapite,
465 2898 551 2982 quod
580 2919 679 2982 supra
706 2899 921 2984 laudavimus,
951 2900 1034 2967 haee
1055 2901 1207 2985 legimns:
1237 2892 1307 2964 ‘ille
1330 2899 1387 2976 (so.
1411 2897 1475 2962 Do·

318 3003 482 3079 mitianus)
499 3001 554 3084 qui
576 3007 609 3066 te
631 3001 738 3067 inter
760 3002 836 3067 illa
859 3002 1101 3070 Germaniae
1124 3003 1239 3069 bella
1259 3002 1301 3067 ab
1317 2999 1476 3084 Hispania

317 3123 419 3189 usque
453 3109 488 3168 ut
519 3102 755 3169 validissimum
793 3104 991 3187 praesidinm
1031 3094 1214 3172 exciverat?
1274 3103 1345 3170 Hoo
1377 3103 1475 3186 igitur

316 3209 389 3275 looo
411 3206 518 3290 agitur
546 3203 587 3271 de
611 3205 707 3271 bellis
730 3205 940 3274 Germaniois.
986 3207 1092 3290 Atque
1115 3205 1320 3272 Domitianus
1343 3205 1474 3289 quidem

316 3311 367 3378 bis
400 3310 434 3375 in
467 3305 643 3374 Germania
679 3308 800 3374 bellum
834 3309 950 3392 gessit:
988 3311 1127 3394 primum
1159 3329 1244 3374 anno
1278 3309 1329 3374 83.
1364 3313 1476 3374 eontra

318 3411 452 3479 Chattos
485 3430 576 3476 arma
612 3410 695 3492 tulit,
733 3410 908 3477 secundam
945 3412 1185 3496 expeditionem
1223 3410 1380 3477 adversus
1409 3409 1475 3476 An·

317 3513 439 3578 tonium
471 3511 686 3594 Saturninum,
725 3513 867 3596 legatum
900 3515 1087 3597 provinciae
1117 3513 1303 3597 superioris,
1342 3512 1396 3596 qui
1430 3511 1473 3576 ab

317 3633 356 3682 eo
380 3614 562 3681 desciverat
584 3619 616 3679 et
637 3635 658 3679 a
679 3614 835 3687 militibus
865 3617 932 3682 suis
953 3615 1130 3701 imperator
1152 3616 1371 3682 consalutatus
1394 3620 1473 3696 erat,

316 3715 480 3800 suscipere
515 3722 644 3782 ooaotus
675 3723 733 3782 est.
777 3717 877 3800 Atqui
903 3717 982 3784 belli
1008 3737 1092 3784 anno
1120 3718 1170 3784 83.
1201 3723 1313 3785 eontra
1339 3713 1473 3783 Ghattos

317 3965 402 4020 opera
421 3949 573 4006 coniuncta.
586 3979 621 3991 —
632 3950 777 4019 Legionem
790 3951 850 4008 Vll.
864 3957 954 4008 autern
972 3953 1000 4008 iu
1014 3952 1159 4008 Germania
1175 3951 1260 4008 luisse
1272 3953 1474 4008 demonstratur

270 4065 277 4075 ·
317 4036 403 4091 titulis
420 4035 531 4091 Bramb.
550 4039 600 4091 896
618 4041 646 4091 et
664 4037 779 4092 maxime
797 4037 856 4093 clu
875 4039 922 4094 v1.
942 4041 1017 4094 ³538.

404 4124 428 4188 l)
445 4119 536 4176 Herm.
554 4121 604 4177 ΙΙΙ.
623 4137 649 4192 p.
672 4127 729 4180 120.
