3170 4984
242 375 286 432 Ds
303 375 427 432 fontibus
444 375 569 446 Dionysii
586 375 838 433 Halicarnassensis
856 377 1030 446 quaestiones
1049 375 1149 436 tanea·
1214 375 1277 438 261

116 546 260 618 Antiatis
281 549 422 632 vestigia
449 554 650 634 spectentur,
680 555 789 616 tamen
809 550 910 616 alium
933 555 1021 630 certe
1048 555 1213 618 auctorem
1236 550 1281 618 do

116 649 284 718 dictatoris
305 653 435 720 nominc
458 652 573 718 saltam
595 649 741 719 auditum
764 670 854 734 osse,
883 649 968 718 huno
996 657 1029 719 et
1057 651 1150 718 illurn
1176 651 1281 720 αιτιοι·-

116 752 222 821 desim
242 753 379 824 eundem
403 773 491 837 esso,
515 773 588 820 cum
611 752 782 836 videlicet,
813 753 868 836 qui
890 754 1032 821 Antiatis
1058 754 1278 821 narrationem

115 873 189 922 cum
218 857 395 924 vctnsdore
425 855 566 940 qaedam
595 855 772 938 colligavit.
817 855 889 922 Hoc
918 871 996 920 vero
1026 851 1054 920 si
1082 861 1170 922 recte
1198 853 1281 939 vidi,

115 957 259 1040 suspicio
287 957 387 1026 oritur
409 957 603 1042 Dionysium
631 957 729 1024 ctiam
757 955 857 1024 hac
848 976 882 1022 ιιι
911 960 1004 1040 parto
1033 955 1195 1024 clementa
1222 958 1284 1024 illa

115 1055 292 1126 Valeriana
306 1059 510 1143 narrationis,
525 1059 683 1142 ploraque
698 1063 796 1142 carte,
819 1077 884 1124 non
898 1057 973 1126 ab
963 1077 1036 1140 rpso
1050 1057 1182 1127 Antiata
1197 1061 1281 1144 peti

115 1158 213 1240 visse,
236 1158 295 1229 sod
317 1161 361 1228 ab
382 1161 485 1228 altero
507 1161 565 1228 illo
587 1165 720 1229 auctore
742 1160 917 1244 accepisse

200 1347 308 1431 Atque
331 1367 416 1433 quae
439 1345 605 1432 hucusque
628 1345 868 1430 disputantes
827 1347 917 1417 easi
939 1346 1000 1422 tibi
1015 1349 1280 1446 comprobavero

115 1447 273 1516 concedes
307 1449 555 1524 (llasonem
588 1450 761 1522 refutatum
795 1467 867 1516 esse
902 1443 1087 1519 censentem
1117 1451 1215 1520 Dion
1236 1451 1282 1516 VI

115 1551 254 1633 23-42,
273 1555 288 1616 1
315 1571 358 1619 ex
372 1551 512 1627 Antiatis
534 1543 707 1620 annalibus
725 1569 798 1621 esse
813 1550 995 1636 desumpta
1032 1551 1189 1635 Neque
1163 1572 1191 1619 si
1206 1571 1281 1620 mea

114 1671 194 1719 vera
215 1658 299 1734 sunt,
321 1651 483 1726 Virckii
505 1653 666 1732 sententia
688 1657 774 1720 stare
796 1657 914 1737 potest,
937 1673 1003 1736 qna
1024 1653 1186 1722 Licinium
1211 1653 1281 1721 Mas

115 1773 215 1838 crum,
239 1773 336 1838 quem
353 1773 396 1822 ex
410 1754 552 1823 Antiatis
567 1753 738 1823 annalibus
761 1753 909 1836 hausisse
930 1761 1039 1838 neget,
1061 1755 1156 1822 huius
1178 1757 1280 1838 partis

75 1859 82 1866 '
114 1861 280 1923 auctorem
302 1857 405 1926 fuisse
426 1863 527 1942 putat.

200 1957 244 2032 At
270 1959 414 2028 nondum
443 1959 565 2026 reiecta
593 1963 642 2026 cst
663 1957 875 2028 Nitascbii
903 1959 1081 2042 sententia,
1111 1959 1168 2042 qui
1196 1957 1280 2026 hanc

115 2059 267 2144 Dionysii
288 2061 506 2128 narrationem
528 2080 550 2128 a
569 2059 697 2150 Licinio
719 2060 829 2128 Macro
857 2059 1014 2129 adhibitis
1039 2065 1074 2126 ot
1094 2061 1201 2137 aucds
1221 2062 1281 2128 irn-

113 2162 311 2247 mntatisquc
332 2163 474 2230 Antiatis
496 2161 668 2240 annalibus
698 2161 911 2246 compositam
939 2181 1011 2233 esse
1032 2167 1153 2240 censet.
1195 2163 1281 2242 Quin

115 2263 213 2330 facile
235 2265 367 2348 aliquis,
391 2265 446 2348 qui
469 2262 636 2346 hucusque
658 2261 741 2330 mihi
762 2283 798 2330 se
821 2263 958 2348 dederit,
981 2265 1177 2348 suspicetur,
1202 2284 1280 2348 quo·

113 2365 203 2435 niam
225 2366 296 2450 ipse
320 2385 449 2450 qnoque
464 2365 625 2448 licinium
647 2364 690 2430 ab
705 2364 839 2434 Antiate
859 2384 976 2432 reuera
994 2366 1192 2449 exscriptum
1207 2385 1280 2434 esse

113 2466 306 2541 docuissem,
330 2487 384 2534 me
406 2465 450 2534 ad
472 2465 631 2534 Nitzsobii
654 2465 847 2536 sententiam
870 2484 923 2532 mc
937 2467 1175 2552 applicatarum
1196 2487 1279 2534 essa.

113 2567 182 2640 Sed
203 2570 277 2654 plus
300 2589 399 2636 onum
422 2574 486 2652 est,
518 2587 581 2651 que
604 2566 730 2633 Licinio
759 2565 848 2634 hanc-
866 2567 1018 2650 Dionysii
1045 2573 1171 2653 partem
1199 2569 1279 2638 essi-

113 2690 213 2753 guare
236 2678 391 2740 vetemur.
436 2671 543 2754 Atque
564 2669 704 2756 primum
727 2669 792 2744 ianr
815 2686 913 2752 supra
934 2688 987 2744 me
1010 2669 1159 2739 dubitare
1181 2671 1280 2754 signi-

111 2771 220 2858 ficavi,
244 2793 319 2838 num
341 2772 519 2858 Dionysius
540 2771 704 2840 Licinium
725 2775 854 2838 secutus
876 2769 911 2838 id
933 2771 1108 2857 rettulerit,
1132 2772 1219 2855 quod
1235 2773 1281 2840 VI

113 2877 166 2958 22,
184 2879 198 2946 t
224 2875 258 2952 (i.
275 2894 302 2941 e.
319 2875 497 2942 nouissimo
513 2874 621 2959 capite
636 2879 713 2941 aute
734 2871 829 2955 hanc,
853 2871 896 2939 de
910 2893 977 2958 qua
988 2875 1126 2958 agimus,
1141 2876 1281 2959 pmtem)

112 2977 268 3061 scripturn
290 2977 388 3060 legis:
411 2997 455 3050 so,
471 2977 623 3062 plebeios
642 2981 710 3048 tum
731 2975 952 3044 simulasse
974 2995 1012 3044 se
1032 2976 1191 3048 soluendo
1213 2997 1280 3044 noa

113 3081 229 3155 essc.²)
262 3077 334 3158 Quo
357 3079 456 3156 etiam
479 3079 584 3162 magis
606 3098 627 3144 a
647 3077 765 3146 Licinii
787 3078 1183 3163 ingeniapopnlarissimo
1197 3077 1280 3144 mihi

112 3177 244 3249 videtur
265 3179 452 3264 abhorrere,
475 3179 564 3265 qnod
579 3199 649 3263 cap.
666 3183 719 3264 26,
735 3182 755 3244 2
777 3185 887 3247 namet
901 3179 1094 3263 Dionysius:
1117 3180 1280 3249 neminem

111 3281 332 3368 patriciorum,
357 3301 430 3353 cnm
451 3283 529 3350 nexi
549 3281 694 3366 undique
710 3281 832 3348 catenis
847 3281 950 3352 vincti
967 3286 1006 3347 ‘et
1027 3300 1188 3366 pauperes
1210 3282 1277 3364 plc-

111 3382 167 3449 bei
189 3383 223 3454 in
246 3383 350 3460 lorum
372 3403 491 3467 magno
513 3384 653 3454 tumultu
668 3388 903 3465 concurrerent,
927 3403 983 3470 eos
1005 3383 1145 3451 retinere
1162 3402 1280 3459 ausum

113 3502 203 3568 θεας
226 3485 306 3567 quin
326 3487 355 3552 si
379 3487 452 3569 quis
473 3485 628 3572 patricius
651 3504 708 3552 eos
729 3483 952 3573 antummodo
975 3485 1146 3568 attigisset,
1169 3488 1280 3554 statim

111 3585 204 3662 velut
236 3586 341 3653 belli
375 3588 464 3674 iure
499 3608 585 3656 cum
613 3587 866 3669 discerptum
895 3605 985 3654 esse
1015 3583 1078 3662 (ἐν
1104 3589 1279 3673 χειρῶν

201 3792 227 3854 tl
246 3787 287 3844 Of
306 3787 402 3846 Virck
420 3789 438 3844 l
456 3789 476 3843 l.
494 3805 522 3860 p.
541 3792 575 3842 69
588 3802 647 3857 sqq
754 3836 757 3844 ,

200 3874 226 3939 2)
246 3873 286 3928 cf.
307 3875 404 3940 etiam,
428 3873 620 3945 quaeV122,
633 3875 649 3925 2
673 3871 813 3939 leguntur:
837 3866 1065 3938 ἀξιούντων
1087 3864 1163 3926 d'”
1127 3891 1196 3928 οντε
1219 3891 1278 3928 τιον

112 3961 272 4015 δανειστῶν
285 3955 462 4029 οὐδὲνμὲτρι
453 3952 666 4026 sosinosiros
685 3952 766 4014 οὔτε
784 3960 854 4013 τῶν
869 3957 1144 4030 χρεωφειλετῶν
1161 3965 1279 4014 ποιεῖν

113 4036 216 4101 ονδὲν
232 4043 389 4110 δίκαιον,
407 4038 480 4101 ἀλλὰ
493 4043 553 4099 τῶν
570 4042 624 4113 μὲν
637 4035 702 4100 οὐδὲ
719 4061 787 4108 τους
804 4040 911 4109 τόκους
923 4035 1047 4114 οἷφιέναι,
1065 4043 1126 4100 τοῖν
1143 4040 1179 4100 δὲ
1195 4041 1277 4114 μηδὲ

113 4119 205 4185 αὐτὰ
224 4123 264 4184 τὰ
283 4123 568 4200 συναλλάγματα
587 4122 750 4184 διαλύειν
768 4137 816 4192 (so.
835 4122 1073 4196 οἷξιούντοινλ),Ι
