3270 4968
305 380 346 439 36
732 373 912 445 Eugeibertus
930 373 1037 441 Drerup

389 552 558 620 Oorreotor
581 549 738 617 seonndus
755 547 808 629 (2),
833 547 887 629 qui
909 550 1087 612 atramento
1109 543 1234 628 pallido
1250 543 1463 626 cognoscitur,

304 663 407 723 totum
437 654 582 723 codicem
612 652 791 736 perlegisse
821 647 964 730 videtur,
998 666 1192 731 quamquam
1221 645 1463 714 emendationes

305 760 375 825 eius
398 757 481 824 adeo
505 775 596 822 rarae
619 759 701 836 sunt,
731 758 766 818 ut
789 771 829 816 ex
853 750 1059 832 orationibus,
1083 769 1162 832 qnae
1185 749 1315 830 contuli,
1339 754 1461 815 eertum

306 879 415 926 earum
439 858 623 942 exemplum
646 856 765 922 referre
787 873 850 918 non
872 852 1003 936 possim.
1040 851 1119 918 ideo
1141 871 1182 918 ox
1198 851 1365 929 „Heleno
1381 849 1463 917 haee

304 969 508 1129 ⁰n⁰t³{¹·42.
542 1059 601 1124 τὸν
633 1058 740 1142 γάμον
774 1055 832 1121 τὸν
867 1058 896 1120 Ε
927 1076 992 1140 pm,
1025 1078 1072 1117 τω
1105 1076 1201 1137 γαμω
1235 1077 1282 1116 τω
1316 1077 1396 1123 corr.
1430 1060 1460 1122 2.

305 1169 356 1232 62.
380 1166 488 1229 αὐτῶν
511 1164 577 1227 τῶν
601 1166 786 1246 συμφορῶν
802 1162 832 1223 E
846 1179 904 1243 pm,
927 1153 1027 1221 αὐτὸν
1042 1161 1107 1221 τῶν
1125 1163 1310 1242 συμφορῶν
1329 1179 1409 1226 oorr.
1430 1161 1459 1223 2.

303 1269 347 1335 ad
369 1271 419 1333 64.
443 1262 563 1349 ἐπειδὴ
590 1263 626 1329 δὲ
650 1261 749 1346 γνοὺς
771 1264 805 1329 in
827 1283 891 1346 mg.
914 1260 1017 1327 adeor.
1041 1262 1076 1325 2:
1100 1255 1324 1344 προ<ο>ιμιον.

389 1387 455 1454 Sed
478 1405 583 1469 nequo
607 1404 648 1450 ex
670 1382 731 1467 his,
760 1401 866 1464 neque
889 1401 930 1448 ex
953 1381 1017 1446 illis
1045 1380 1135 1462 loeis,
1165 1379 1281 1462 quibus
1310 1387 1460 1448 aooentus

304 1497 401 1574 atque
424 1489 554 1573 spiritus
576 1486 713 1568 addidit,
746 1486 825 1552 oerti
848 1483 1024 1568 quidquam
1054 1481 1200 1565 elfioitnr,
1231 1487 1329 1566 atque
1357 1504 1461 1569 paone

305 1611 357 1658 me
379 1591 463 1674 fugit
486 1597 645 1656 oorreotor
667 1586 836 1669 seeundus,
866 1587 929 1652 nisi
952 1585 1143 1650 sententiam
1164 1604 1186 1649 a
1207 1584 1339 1651 librario
1368 1585 1461 1651 initio

305 1694 380 1758 libri
414 1693 469 1777 pie
503 1691 664 1756 additam:
702 1687 818 1772 χριστὲ
849 1690 1002 1772 προηγοῦ
1035 1686 1101 1749 τῶν
1134 1684 1223 1767 ἐμῶν
1258 1684 1461 1772 πονημάτων

305 1795 496 1880 repetiisset,
522 1793 672 1875 idemque
694 1793 726 1856 in
742 1791 976 1873 subscriptione
992 1807 1089 1871 supra
1104 1795 1352 1856 commemorata
1367 1810 1460 1857 oona·

306 1903 357 1963 tus
380 1903 473 1962 esset.
519 1893 622 1972 Quam
644 1913 708 1960 non
731 1891 900 1974 intellexit,
931 1911 1002 1958 oum
1025 1898 1153 1974 praeter
1174 1892 1328 1958 initium>
1344 1897 1391 1976 τῷ
1422 1893 1460 1958 δὲ

305 2003 381 2082 θεῷ
403 1992 422 2084 ἡ
447 1993 528 2078 δόξα
557 1994 607 2072 εἰς
636 1993 714 2071 τούς
737 1992 862 2068 αἰῶνας
891 2013 955 2059 non
982 1994 1045 2059 nisi
1068 1994 1201 2060 verbum
1231 2013 1261 2077 q.
1291 2014 1318 2060 e.
1349 1993 1461 2074 κέδιζε

305 2099 480 2164 iteraverit.

392 2201 520 2266 Tertius
535 2200 674 2282 deniquo
691 2205 848 2266 oorreotor
864 2200 908 2276 (3)
924 2200 956 2262 in
972 2199 1133 2265 orationes
1150 2199 1211 2275 „ad
1227 2199 1462 2268 Demonioum“

307 2309 339 2368 et
361 2302 423 2379 „ad
446 2302 634 2368 Niooolem“
657 2301 864 2385 corrigendas
887 2301 1040 2384 inoubuit,
1069 2301 1112 2366 ad
1135 2320 1215 2385 quas
1244 2323 1286 2368 ex
1309 2305 1461 2388 exemplo

307 2404 448 2487 quodam
463 2405 615 2487 vulgatae
639 2404 812 2470 memoriae
835 2402 1034 2469 differentias
1057 2405 1090 2468 in
1113 2405 1257 2487 margine
1272 2407 1461 2489 plerumque

306 2506 482 2572 adnotavit.
527 2504 589 2583 Qui
619 2506 716 2573 duotu
744 2513 839 2572 aouto
867 2513 965 2589 atque
994 2506 1134 2590 eleganti
1162 2528 1183 2572 a
1211 2508 1343 2573 librario
1375 2515 1408 2574 et
1441 2529 1463 2573 a

308 2615 488 2674 oorreotore
519 2609 660 2674 seeundo
690 2608 798 2689 distat,
827 2627 922 2690 quern
952 2615 1096 2693 tempore
1125 2609 1264 2692 priorem
1294 2628 1365 2676 esse
1398 2609 1462 2677 hoo

307 2711 379 2774 looo
403 2709 591 2793 comprobo:
621 2711 655 2775 in
677 2729 721 2776 or.
745 2709 760 2774 Ι
784 2712 822 2774 37
854 2701 899 2772 ὤν
928 2708 991 2793 γὰρ
1021 2703 1061 2772 ἂν
1091 2712 1241 2778 librarius
1269 2711 1462 2794 partioulam

308 2798 349 2872 ἰὲν
371 2811 570 2895 neglexerat,
594 2832 689 2895 quam
713 2819 873 2879 eorreotor
887 2812 1046 2879 seoundus
1062 2831 1159 2897 supra
1174 2833 1301 2880 versum
1315 2813 1462 2896 addidit3

307 2913 430 2980 litteras
452 2919 559 2978 autem
582 2933 693 2998 parum
717 2933 886 2998 expressas
909 2921 1067 2981 oorreotor
1089 2915 1201 2981 tertius
1223 2917 1375 2983 clariores
1389 2916 1463 2982 red-

307 3015 399 3081 didit.
444 3015 635 3100 Exemplum
658 3022 775 3100 autem,
807 3035 869 3099 quo
899 3022 1057 3083 oorreotor
1085 3018 1197 3083 tertius
1226 3038 1301 3086 usus
1330 3025 1387 3102 est,
1417 3019 1463 3084 ad

308 3117 430 3185 oodiois
452 3122 490 3182 Π
509 3119 665 3184 familiam
687 3116 820 3202 propius
842 3119 985 3199 aooedit3
1008 3139 1083 3185 nam
1106 3117 1155 3185 his
1178 3121 1369 3187 leutionibus
1387 3141 1461 3186 oum

307 3220 472 3287 oodioibus
496 3225 571 3284 ΛΠ
593 3223 651 3300 (N)
664 3222 685 3298 ¹)
715 3221 862 3303 congruit
890 3222 961 3288 sive
990 3241 1061 3287 oum
1092 3221 1186 3288 oodd.
1210 3228 1281 3286 ΛΖ
1313 3259 1353 3270 -
1387 3243 1460 3290 oum

308 3323 454 3390 oodioem
469 3327 504 3386 11
527 3324 560 3389 in
583 3325 727 3390 oratione
750 3323 781 3387 ll
802 3343 866 3389 non
889 3323 951 3388 nisi
973 3323 1006 3387 in
1029 3325 1066 3399 ἐξ
1085 3326 1208 3390 14-39
1230 3326 1384 3409 noverim,
1408 3346 1462 3392 oo·

308 3426 373 3491 dex
389 3432 421 3487 Z
434 3431 541 3492 autem
559 3427 591 3490 in
608 3425 668 3492 hao
684 3424 814 3508 quidem
832 3425 976 3492 oratione
991 3445 1062 3492 oum
1080 3425 1173 3491 oodd.
1191 3431 1261 3491 ΠΝ
1280 3431 1461 3512 eomparari

307 3529 410 3611 possit
423 3528 475 3604 (of.
488 3548 520 3610 p.
537 3528 589 3605 53)
604 3561 653 3612 —,
677 3547 740 3609 quo
756 3526 959 3594 familiaritas
974 3548 1047 3594 oum
1062 3529 1196 3613 vulgata
1217 3531 1461 3614 eomprobatur:

392 3646 408 3710 Ι
431 3649 459 3710 4.
484 3643 541 3710 ἐπὶ
564 3643 663 3728 λόγον
686 3647 715 3710 Ε
736 3667 798 3730 pr.:
827 3671 877 3731 γρ.
902 3645 960 3712 ἐπὶ
983 3645 1081 3731 λόγον
1103 3646 1207 3729 μόνον
1236 3651 1269 3715 in
1298 3671 1361 3734 mg.
1383 3652 1461 3719 add.

310 3752 518 3813 3=AHN.
565 3752 613 3815 13.
637 3757 709 3825 τοῖς
733 3744 848 3832 ὅρκοις
870 3752 899 3813 E
920 3769 983 3833 pm:
1012 3745 1156 3831 ἀλλαχοῦ
1183 3764 1256 3830 τοῖς
1280 3750 1397 3836 νόμοις
1427 3757 1462 3821 in

309 3870 371 3932 mg.
395 3848 470 3914 add.
496 3853 703 3916 3=A11N.
750 3853 799 3917 18.
822 3856 926 3916 ταῦτα
948 3855 978 3915 E
997 3874 1060 3937 pa:
1092 3853 1148 3918 καὶ
1172 3850 1250 3918 drea
1273 3860 1462 3921 norinatim

395 4055 419 4116 1)
436 4049 542 4105 Littera
560 4055 594 4119 N,
618 4057 766 4121 praeeunte
783 4053 924 4110 Dindorlio
947 4054 1068 4120 (Scholia
1086 4056 1191 4111 Graeca
1207 4056 1234 4109 irr
1253 4057 1415 4112 Aeschinem
1433 4063 1464 4113 et

306 4135 453 4190 Isocratem
471 4135 558 4206 praef.
577 4155 603 4206 p.
623 4137 685 4204 Vll)
703 4139 762 4194 ood.
782 4139 865 4195 Laut.
885 4139 987 4194 Lvrrr
1004 4141 1134 4208 significo.
