3134 4986
295 387 357 448 382
745 387 871 454 Edgarus
889 385 1001 440 Martini

382 559 478 640 Quod
507 579 605 645 supra
633 565 734 625 totum
757 559 916 626 scholium
938 579 980 624 ex
1002 557 1140 625 Gemino
1162 556 1294 626 fluxisse
1316 558 1452 642 adserui,

294 662 330 728 id
361 663 452 730 facili
485 662 615 746 negotio
645 662 848 744 comprobari
875 667 990 744 potest.
1042 661 1159 726 Relata
1186 661 1272 726 enim
1301 659 1454 747 Philippi,

295 764 440 830 Platonis
470 763 658 845 familiaris,
690 764 968 846 argumentatione
998 761 1186 831 Alexander
1213 761 1323 828 dicere
1352 767 1456 848 pergit

296 865 394 932 haee:
417 863 450 930 οἱ
474 862 509 928 δὲ
532 867 612 948 περὶ
636 869 667 928 Γ
665 877 778 948 εμῑνον
799 865 855 928 καὶ
879 863 1007 929 Αἴλιον
1030 860 1078 940 εἰς
1101 861 1205 939 δὲῑξιν
1227 865 1286 928 τοῦ
1310 862 1456 950 ἔμφασιν

296 961 383 1032 εἶναι
412 962 472 1051 τὴν
500 960 568 1050 ἶριν
591 967 889 1051 προσχρῶνται
910 966 981 1030 καὶ
1002 966 1051 1048 τῴ
1066 999 1084 1010 -
1099 962 1208 1030 δοκεῖν
1231 965 1300 1029 κτλ.
1345 969 1457 1033 Aoiem

295 1068 444 1135 intendes
472 1067 514 1134 ad
544 1071 679 1135 verbnm
702 1069 952 1151 προσχρώνταιι
982 1087 1087 1151 equo
1109 1087 1130 1132 a
1152 1066 1290 1134 Gemino
1314 1067 1458 1154 Philippi

295 1171 452 1236 rationem
481 1171 651 1254 probatam
682 1177 714 1236 et
739 1176 924 1253 usurpatam
955 1189 1026 1236 esse
1055 1171 1161 1235 elucet
1188 1175 1286 1252 atque
1312 1170 1458 1253 adparet.

382 1270 516 1336 Summe
530 1278 638 1338 autem
652 1291 762 1338 eorum
778 1290 861 1355 quae
879 1271 1043 1355 hucusque
1058 1269 1099 1336 de
1111 1270 1250 1336 Gemino
1262 1270 1459 1356 disceptavi-
1555 1303 1556 1338 i

296 1394 366 1440 mus
389 1380 438 1441 est
459 1373 556 1440 baec:
579 1375 760 1457 composuit
784 1373 894 1439 nescio
917 1373 989 1456 quis
1005 1371 1162 1439 Geminus
1181 1364 1371 1459 εἘξήγηοιν
1393 1374 1459 1436 τῶν

296 1473 529 1540 Ποσειδωνίου
546 1467 863 1560 Μετεωρολογικῶν’
884 1493 948 1557 qua
964 1474 1130 1540 Posidonii
1139 1467 1323 1540 ‘Elementa
1338 1482 1458 1541 meteo-

296 1573 455 1660 rologica'
473 1578 652 1661 explicaret
667 1583 699 1643 et
714 1582 886 1643 enarraret.
909 1573 972 1652 Qui
987 1576 1117 1642 libellus
1133 1596 1205 1643 cum
1218 1577 1352 1644 maioris
1365 1577 1459 1644 molis
1556 1605 1557 1624 ν

297 1687 383 1744 esset
410 1680 452 1744 ab
475 1680 547 1762 ipso
570 1687 701 1746 anctore
723 1679 757 1744 in
779 1678 963 1744 breviorem
984 1677 1122 1742 formam
1143 1677 1295 1744 redactus
1318 1684 1377 1743 est.
1423 1679 1458 1743 lu

297 1781 528 1863 explanatione
563 1788 670 1847 autem
707 1799 814 1848 rerum
849 1781 896 1846 sic
929 1786 1076 1845 versatus
1112 1786 1176 1859 est,
1214 1785 1249 1844 ut
1288 1779 1458 1845 Posidonii

296 1883 471 1946 sententies
505 1883 678 1966 diligenter
707 1888 888 1962 excuteret,
922 1900 982 1946 nec
1016 1901 1080 1947 non
1116 1881 1312 1963 ubicumque
1341 1882 1384 1946 ab
1420 1901 1457 1946 eo
1557 1911 1558 1924 ν

296 1981 476 2048 dissidebat
498 1985 577 2067 quid
599 1986 670 2067 ipse
692 1986 825 2050 sentiret
840 1989 1025 2066 exponeret.
1060 1981 1155 2060 Quod
1170 2003 1234 2048 non
1249 2002 1323 2048 raro
1338 1983 1457 2048 fectum

297 2089 355 2149 est.
393 2084 517 2167 Veluti,
548 2086 582 2150 id
612 2084 698 2169 quod
722 2086 879 2152 Prisciani
898 2074 1128 2150 ‘Solutionum'
1153 2104 1223 2167 cap.
1239 2084 1283 2149 IV
1315 2084 1457 2150 dilucide

295 2186 406 2267 docet,
437 2187 603 2254 Posidonii
633 2187 674 2252 de
697 2189 786 2253 zonis
808 2187 1011 2252 terrestribus
1034 2187 1219 2270 opinionem
1243 2187 1454 2269 improbabat.
1558 2269 1559 2274 ἵ

382 2287 432 2354 De
453 2290 578 2354 ratione
601 2308 685 2372 quae
706 2290 789 2354 inter
804 2288 933 2354 Gemini
945 2279 1195 2353 ‘Oommentum'
1213 2294 1245 2354 et
1260 2289 1329 2354 eius
1341 2281 1453 2353 ‘Intro-

295 2381 494 2456 ductionem’
514 2397 563 2456 est
577 2410 683 2474 pauca
698 2391 761 2456 iam
777 2391 977 2473 protulimus.
1011 2391 1117 2474 Atque
1133 2389 1196 2456 boc
1209 2390 1304 2456 nobis
1320 2391 1454 2456 evicisse

294 2489 444 2557 videmur
472 2491 656 2558 firmissimo
683 2491 930 2558 necessitudinis
960 2493 1089 2558 vinculo
1118 2494 1197 2558 istos
1223 2492 1305 2558 duos
1328 2489 1454 2558 Gemini

294 2593 396 2660 libros
411 2595 579 2677 copulatos
594 2595 777 2676 ligatosque
792 2593 902 2658 fnisse.
926 2593 1006 2659 Mire
1023 2595 1107 2658 enim
1124 2595 1157 2658 in
1168 2594 1264 2660 rebus
1276 2595 1452 2659 sententiis·

294 2713 358 2776 que
395 2697 580 2779 conspirant
616 2695 674 2761 sed
711 2697 757 2760 ite
791 2703 826 2760 ut
851 2685 1151 2761 ‘Commentarium‘
1185 2686 1450 2760 ‘Introductione'

294 2797 395 2862 multo
425 2797 606 2863 uberiorem
630 2805 663 2862 et
684 2797 928 2879 locupletiorem
950 2798 1049 2863 fuisse
1070 2803 1193 2863 attente
1215 2796 1451 2863 considerantes

295 2896 383 2962 baud
406 2898 516 2963 lateat.
549 2899 679 2964 Erraret
700 2904 808 2963 autem
831 2898 1040 2964 vehementer
1062 2901 1089 2965 si
1112 2901 1184 2981 quis
1206 2897 1291 2964 hanc
1305 2900 1352 2964 nil
1366 2899 1451 2965 aliud

293 2999 357 3064 nisi
379 3000 553 3083 epitomem
576 3000 663 3064 illius
687 3019 758 3066 esse
781 3001 976 3084 opinaretur.
1011 2999 1106 3078 Quod
1128 3021 1169 3066 ne
1185 3001 1355 3068 credamus
1370 3008 1449 3067 totus

199 3100 200 3104 ’
291 3091 473 3183 ‘Isagoges²
506 3100 634 3166 habitus
663 3106 794 3185 totaque
817 3103 886 3169 eius
909 3103 1035 3168 indoles
1056 3121 1154 3185 quam
1175 3103 1317 3169 maxime
1339 3103 1449 3168 adver-

294 3211 412 3268 sentur.
459 3203 574 3286 Neque
608 3204 693 3267 euim
729 3205 787 3269 illa
820 3207 866 3270 ita
902 3209 1087 3286 comparata
1123 3209 1187 3286 est,
1223 3210 1258 3269 nt
1291 3205 1348 3288 qui
1382 3224 1449 3271 eam

293 3307 404 3388 legunt
432 3304 550 3370 rudera
578 3324 756 3387 exegeseos
784 3305 920 3372 alieuius
943 3325 978 3371 se
1001 3312 1110 3371 tenere
1133 3310 1254 3389 putent.
1299 3305 1362 3372 Cui
1383 3325 1450 3372 sen·

293 3411 414 3474 tentiae
443 3408 475 3471 in
503 3407 617 3490 primis
650 3408 732 3473 ratio
761 3405 948 3490 disputandi
976 3406 1124 3473 adhibita
1156 3406 1343 3491 obstrepere
1372 3407 1449 3472 mibi

294 3510 430 3575 videtur.
475 3507 604 3592 Quippe
632 3509 765 3575 strictim
788 3529 840 3576 res
861 3511 1051 3591 referuntur,
1074 3528 1138 3574 nou
1161 3510 1376 3592 explanantur
1398 3515 1450 3574 aut

167 3637 170 3642 ·
294 3611 527 3694 expenduntur.
571 3610 622 3676 Ne
645 3611 757 3675 multa:
788 3629 871 3694 quae
894 3611 1193 3676 commentariorum
1215 3611 1347 3694 propria
1370 3617 1449 3692 sunt,

294 3732 333 3777 ea
358 3703 617 3778 ‘Introductioni’
649 3712 765 3778 desunt
793 3713 909 3777 omnia.
959 3713 1044 3796 Ergo
1072 3713 1167 3778 aliter
1195 3718 1369 3778 concentus
1396 3711 1450 3793 qui

293 3815 376 3879 inter
391 3813 476 3879 bunc
489 3813 607 3878 librum
623 3820 655 3878 et
666 3806 913 3880 ‘commentum’
930 3814 1101 3880 intercedit
1111 3813 1333 3897 explicandus.
1352 3813 1449 3878 Recte

293 3916 321 3983 si
343 3914 450 3997 rideo,
473 3935 524 3982 res
547 3916 786 3999 simplicissima
802 3923 859 3982 est.
893 3904 1054 3982 Videlicet
1068 3914 1223 3981 Geminus
1239 3921 1449 3998 posteaquam

293 4016 447 4100 grandem
478 4025 510 4082 et
537 4020 680 4102 amplum
713 4020 746 4083 in
775 4017 941 4085 Posidonii
971 4011 1154 4083 ‘Elementa
1186 4008 1446 4098 meteorologiee’

294 4119 555 4187 commentarium
571 4119 770 4202 conscripsit,
789 4139 861 4186 cum
876 4119 917 4185 eb
934 4121 991 4186 illo
1007 4121 1116 4185 omnis
1129 4125 1217 4186 recte
1228 4118 1450 4185 administrata
