<?xml version="1.0" encoding="UTF-8"?>
<!DOCTYPE html PUBLIC "-//W3C//DTD XHTML 1.0 Transitional//EN"
    "http://www.w3.org/TR/xhtml1/DTD/xhtml1-transitional.dtd">
<html xmlns="http://www.w3.org/1999/xhtml" xml:lang="en" lang="en">
 <head>
  <title>
</title>
<meta http-equiv="Content-Type" content="text/html;charset=utf-8" />
  <meta name='ocr-system' content='tesseract 3.04.00' />
  <meta name='ocr-capabilities' content='ocr_page ocr_carea ocr_par ocr_line ocrx_word'/>
</head>
<body>
  <div class='ocr_page' id='page_1' title='image "./leipzigerstudie00curtgoog_0270.png"; bbox 0 0 3270 4968; ppageno 0'>
   <div class='ocr_carea' id='block_1_1' title="bbox 310 383 1044 454">
    <p class='ocr_par' dir='ltr' id='par_1_1' title="bbox 310 383 1044 454">
     <span class='ocr_line' id='line_1_1' title="bbox 310 383 1044 454; baseline -0.011 -8"><span class='ocrx_word' id='word_1_1' title='bbox 310 386 354 446; x_wconf 99' lang='grc'>86</span> <span class='ocrx_word' id='word_1_2' title='bbox 597 435 598 440; x_wconf 71' lang='grc'>,</span> <span class='ocrx_word' id='word_1_3' title='bbox 737 383 918 454; x_wconf 73' lang='lat' dir='ltr'>angelbertus</span> <span class='ocrx_word' id='word_1_4' title='bbox 936 383 1044 454; x_wconf 86' lang='lat' dir='ltr'>Drerup</span> 
     </span>
    </p>
   </div>
   <div class='ocr_carea' id='block_1_2' title="bbox 305 555 1478 3898">
    <p class='ocr_par' dir='ltr' id='par_1_2' title="bbox 311 555 1474 1337">
     <span class='ocr_line' id='line_1_2' title="bbox 398 555 1472 642; baseline -0.005 -17"><span class='ocrx_word' id='word_1_5' title='bbox 398 557 557 638; x_wconf 81' lang='lat' dir='ltr'>Quoniam</span> <span class='ocrx_word' id='word_1_6' title='bbox 595 557 900 642; x_wconf 88' lang='lat' dir='ltr'>demonstravimus,</span> <span class='ocrx_word' id='word_1_7' title='bbox 937 558 1043 641; x_wconf 89' lang='lat' dir='ltr'>qualis</span> <span class='ocrx_word' id='word_1_8' title='bbox 1079 557 1176 622; x_wconf 88' lang='lat' dir='ltr'>tuerit</span> <span class='ocrx_word' id='word_1_9' title='bbox 1211 555 1370 622; x_wconf 80' lang='lat' dir='ltr'>antidosis</span> <span class='ocrx_word' id='word_1_10' title='bbox 1406 575 1472 621; x_wconf 91' lang='lat' dir='ltr'>me·</span> 
     </span>
     <span class='ocr_line' id='line_1_3' title="bbox 312 659 1471 745; baseline -0.006 -17"><span class='ocrx_word' id='word_1_11' title='bbox 312 663 417 728; x_wconf 90' lang='lat' dir='ltr'>moria</span> <span class='ocrx_word' id='word_1_12' title='bbox 443 667 616 745; x_wconf 78' lang='lat' dir='ltr'>antequam</span> <span class='ocrx_word' id='word_1_13' title='bbox 645 660 793 727; x_wconf 90' lang='lat' dir='ltr'>eodieum</span> <span class='ocrx_word' id='word_1_14' title='bbox 819 662 849 724; x_wconf 85' lang='grc' dir='ltr'>Θ</span> <span class='ocrx_word' id='word_1_15' title='bbox 878 665 910 726; x_wconf 90' lang='lat' dir='ltr'>et</span> <span class='ocrx_word' id='word_1_16' title='bbox 932 664 971 722; x_wconf 85' lang='lat' dir='ltr'><em>A</em></span> <span class='ocrx_word' id='word_1_17' title='bbox 1003 659 1148 725; x_wconf 88' lang='lat' dir='ltr'>familiae</span> <span class='ocrx_word' id='word_1_18' title='bbox 1185 663 1355 742; x_wconf 76' lang='lat' dir='ltr'><strong>separatae</strong></span> <span class='ocrx_word' id='word_1_19' title='bbox 1388 664 1471 738; x_wconf 89' lang='lat' dir='ltr'>sunt,</span> 
     </span>
     <span class='ocr_line' id='line_1_4' title="bbox 312 757 1474 845; baseline -0.005 -16"><span class='ocrx_word' id='word_1_20' title='bbox 312 763 504 830; x_wconf 75' lang='lat' dir='ltr'>lectionibus</span> <span class='ocrx_word' id='word_1_21' title='bbox 538 762 596 845; x_wconf 88' lang='lat' dir='ltr'>iis,</span> <span class='ocrx_word' id='word_1_22' title='bbox 631 763 747 844; x_wconf 88' lang='lat' dir='ltr'>quibus</span> <span class='ocrx_word' id='word_1_23' title='bbox 780 759 911 828; x_wconf 88' lang='lat' dir='ltr'>eodiees</span> <span class='ocrx_word' id='word_1_24' title='bbox 943 762 992 824; x_wconf 61' lang='grc' dir='ltr'>61ι</span> <span class='ocrx_word' id='word_1_25' title='bbox 1021 767 1054 826; x_wconf 91' lang='lat' dir='ltr'>et</span> <span class='ocrx_word' id='word_1_26' title='bbox 1079 762 1137 823; x_wconf 71' lang='lat' dir='ltr'>A⁶t</span> <span class='ocrx_word' id='word_1_27' title='bbox 1165 761 1249 826; x_wconf 89' lang='lat' dir='ltr'>inter</span> <span class='ocrx_word' id='word_1_28' title='bbox 1281 778 1317 826; x_wconf 89' lang='lat' dir='ltr'>se</span> <span class='ocrx_word' id='word_1_29' title='bbox 1350 757 1474 824; x_wconf 89' lang='lat' dir='ltr'>distant</span> 
     </span>
     <span class='ocr_line' id='line_1_5' title="bbox 311 859 1472 947; baseline -0.003 -17"><span class='ocrx_word' id='word_1_30' title='bbox 311 865 455 932; x_wconf 85' lang='lat' dir='ltr'>traetatis</span> <span class='ocrx_word' id='word_1_31' title='bbox 471 883 672 947; x_wconf 76' lang='lat' dir='ltr'>quaeramus,</span> <span class='ocrx_word' id='word_1_32' title='bbox 695 862 774 946; x_wconf 90' lang='lat' dir='ltr'>quid</span> <span class='ocrx_word' id='word_1_33' title='bbox 797 862 927 930; x_wconf 89' lang='lat' dir='ltr'>eodiees</span> <span class='ocrx_word' id='word_1_34' title='bbox 949 868 1065 945; x_wconf 88' lang='lat' dir='ltr'>postea</span> <span class='ocrx_word' id='word_1_35' title='bbox 1085 861 1233 946; x_wconf 81' lang='lat' dir='ltr'>perpessi</span> <span class='ocrx_word' id='word_1_36' title='bbox 1255 861 1328 928; x_wconf 85' lang='lat' dir='ltr'>sint</span> <span class='ocrx_word' id='word_1_37' title='bbox 1364 859 1472 944; x_wconf 88' lang='lat' dir='ltr'>Atque</span> 
     </span>
     <span class='ocr_line' id='line_1_6' title="bbox 312 962 1474 1050; baseline -0.003 -19"><span class='ocrx_word' id='word_1_38' title='bbox 312 969 453 1050; x_wconf 89' lang='lat' dir='ltr'>primum</span> <span class='ocrx_word' id='word_1_39' title='bbox 475 965 517 1032; x_wconf 90' lang='lat' dir='ltr'>de</span> <span class='ocrx_word' id='word_1_40' title='bbox 540 965 580 1032; x_wconf 90' lang='lat' dir='ltr'>iis</span> <span class='ocrx_word' id='word_1_41' title='bbox 604 964 795 1032; x_wconf 80' lang='lat' dir='ltr'>differentiis</span> <span class='ocrx_word' id='word_1_42' title='bbox 809 964 972 1049; x_wconf 83' lang='lat' dir='ltr'>agendum</span> <span class='ocrx_word' id='word_1_43' title='bbox 988 970 1047 1046; x_wconf 86' lang='lat' dir='ltr'>est,</span> <span class='ocrx_word' id='word_1_44' title='bbox 1071 964 1188 1048; x_wconf 88' lang='lat' dir='ltr'>quibus</span> <span class='ocrx_word' id='word_1_45' title='bbox 1203 962 1333 1030; x_wconf 88' lang='lat' dir='ltr'>eodioes</span> <span class='ocrx_word' id='word_1_46' title='bbox 1354 963 1403 1026; x_wconf 68' lang='grc' dir='ltr'>Θοι</span> <span class='ocrx_word' id='word_1_47' title='bbox 1417 969 1474 1028; x_wconf 88' lang='lat' dir='ltr'>aut</span> 
     </span>
     <span class='ocr_line' id='line_1_7' title="bbox 313 1063 1472 1144; baseline -0.003 -12"><span class='ocrx_word' id='word_1_48' title='bbox 313 1070 372 1132; x_wconf 68' lang='lat' dir='ltr'>Aa</span> <span class='ocrx_word' id='word_1_49' title='bbox 393 1090 415 1134; x_wconf 89' lang='lat' dir='ltr'>a</span> <span class='ocrx_word' id='word_1_50' title='bbox 436 1067 552 1136; x_wconf 90' lang='lat' dir='ltr'>eeteris</span> <span class='ocrx_word' id='word_1_51' title='bbox 574 1066 666 1132; x_wconf 91' lang='lat' dir='ltr'>libris</span> <span class='ocrx_word' id='word_1_52' title='bbox 688 1065 811 1134; x_wconf 86' lang='lat' dir='ltr'>diversi</span> <span class='ocrx_word' id='word_1_53' title='bbox 839 1072 920 1134; x_wconf 86' lang='lat' dir='ltr'>sunt.</span> <span class='ocrx_word' id='word_1_54' title='bbox 967 1064 1039 1144; x_wconf 81' lang='lat' dir='ltr'>Qua</span> <span class='ocrx_word' id='word_1_55' title='bbox 1068 1067 1194 1132; x_wconf 86' lang='lat' dir='ltr'>ratione</span> <span class='ocrx_word' id='word_1_56' title='bbox 1223 1083 1296 1131; x_wconf 87' lang='lat' dir='ltr'>eum</span> <span class='ocrx_word' id='word_1_57' title='bbox 1326 1063 1472 1131; x_wconf 80' lang='lat' dir='ltr'>codicem</span> 
     </span>
     <span class='ocr_line' id='line_1_8' title="bbox 314 1167 1472 1252; baseline -0.003 -18"><span class='ocrx_word' id='word_1_58' title='bbox 314 1167 364 1234; x_wconf 75' lang='grc' dir='ltr'>Θα</span> <span class='ocrx_word' id='word_1_59' title='bbox 385 1169 572 1252; x_wconf 90' lang='lat' dir='ltr'>adierimus,</span> <span class='ocrx_word' id='word_1_60' title='bbox 594 1167 818 1235; x_wconf 86' lang='lat' dir='ltr'>additamenta</span> <span class='ocrx_word' id='word_1_61' title='bbox 839 1167 999 1251; x_wconf 89' lang='lat' dir='ltr'>quaedam</span> <span class='ocrx_word' id='word_1_62' title='bbox 1021 1168 1230 1251; x_wconf 86' lang='lat' dir='ltr'>reperiemus,</span> <span class='ocrx_word' id='word_1_63' title='bbox 1253 1185 1337 1249; x_wconf 86' lang='lat' dir='ltr'>quae</span> <span class='ocrx_word' id='word_1_64' title='bbox 1363 1171 1472 1230; x_wconf 88' lang='lat' dir='ltr'>tamen</span> 
     </span>
     <span class='ocr_line' id='line_1_9' title="bbox 315 1270 903 1337; baseline -0.005 0"><span class='ocrx_word' id='word_1_65' title='bbox 315 1270 404 1337; x_wconf 89' lang='lat' dir='ltr'>haud</span> <span class='ocrx_word' id='word_1_66' title='bbox 426 1271 525 1337; x_wconf 90' lang='lat' dir='ltr'>dubie</span> <span class='ocrx_word' id='word_1_67' title='bbox 546 1271 678 1337; x_wconf 88' lang='lat' dir='ltr'>fortuito</span> <span class='ocrx_word' id='word_1_68' title='bbox 701 1270 793 1336; x_wconf 89' lang='lat' dir='ltr'>illata</span> <span class='ocrx_word' id='word_1_69' title='bbox 814 1275 903 1336; x_wconf 84' lang='lat' dir='ltr'>sunt:</span> 
     </span>
    </p>

    <p class='ocr_par' dir='ltr' id='par_1_3' title="bbox 311 1363 1473 1658">
     <span class='ocr_line' id='line_1_10' title="bbox 396 1363 1473 1450; baseline -0.006 -13"><span class='ocrx_word' id='word_1_70' title='bbox 396 1372 474 1438; x_wconf 86' lang='lat' dir='ltr'>VIII</span> <span class='ocrx_word' id='word_1_71' title='bbox 496 1373 547 1438; x_wconf 87' lang='grc'>30.</span> <span class='ocrx_word' id='word_1_72' title='bbox 571 1367 806 1438; x_wconf 66' lang='lat' dir='ltr'>tatarorum</span> <span class='ocrx_word' id='word_1_73' title='bbox 829 1368 891 1450; x_wconf 78' lang='grc' dir='ltr'><strong>(ἐκ.</strong></span> <span class='ocrx_word' id='word_1_74' title='bbox 912 1375 979 1435; x_wconf 78' lang='grc' dir='ltr'>τῶν</span> <span class='ocrx_word' id='word_1_75' title='bbox 1002 1375 1066 1433; x_wconf 74' lang='grc' dir='ltr'>τῶν</span> <span class='ocrx_word' id='word_1_76' title='bbox 1092 1373 1136 1446; x_wconf 86' lang='grc' dir='ltr'>Π)</span> <span class='ocrx_word' id='word_1_77' title='bbox 1158 1367 1253 1435; x_wconf 80' lang='lat' dir='ltr'>codd.</span> <span class='ocrx_word' id='word_1_78' title='bbox 1276 1367 1351 1432; x_wconf 63' lang='lat' dir='ltr'>Aa:</span> <span class='ocrx_word' id='word_1_79' title='bbox 1381 1363 1473 1431; x_wconf 80' lang='grc' dir='ltr'><strong><em>ἑκόν-</em></strong></span> 
     </span>
     <span class='ocr_line' id='line_1_11' title="bbox 311 1466 1472 1557; baseline -0.006 -20"><span class='ocrx_word' id='word_1_80' title='bbox 311 1497 377 1538; x_wconf 87' lang='grc' dir='ltr'>των</span> <span class='ocrx_word' id='word_1_81' title='bbox 400 1473 459 1540; x_wconf 86' lang='grc' dir='ltr'>καί</span> <span class='ocrx_word' id='word_1_82' title='bbox 480 1478 546 1536; x_wconf 78' lang='grc' dir='ltr'>τῶν</span> <span class='ocrx_word' id='word_1_83' title='bbox 569 1473 628 1538; x_wconf 64' lang='lat' dir='ltr'>Oa.</span> <span class='ocrx_word' id='word_1_84' title='bbox 674 1475 725 1538; x_wconf 83' lang='lat'>32.</span> <span class='ocrx_word' id='word_1_85' title='bbox 747 1478 809 1557; x_wconf 82' lang='grc' dir='ltr'>τῆς</span> <span class='ocrx_word' id='word_1_86' title='bbox 831 1467 940 1535; x_wconf 77' lang='grc' dir='ltr'><strong><em>αὐτῶν</em></strong></span> <span class='ocrx_word' id='word_1_87' title='bbox 964 1471 1119 1547; x_wconf 79' lang='grc' dir='ltr'><strong><em>διανοίας</em></strong></span> <span class='ocrx_word' id='word_1_88' title='bbox 1141 1475 1172 1534; x_wconf 93' lang='grc' dir='ltr'><em>Γ</em></span> <span class='ocrx_word' id='word_1_89' title='bbox 1169 1471 1238 1548; x_wconf 70' lang='grc' dir='ltr'>Λα,</span> <span class='ocrx_word' id='word_1_90' title='bbox 1260 1474 1322 1554; x_wconf 82' lang='grc' dir='ltr'>τῆς</span> <span class='ocrx_word' id='word_1_91' title='bbox 1345 1466 1472 1534; x_wconf 77' lang='grc' dir='ltr'><strong><em>ἑαυτῶν</em></strong></span> 
     </span>
     <span class='ocr_line' id='line_1_12' title="bbox 313 1565 1139 1658; baseline -0.001 -19"><span class='ocrx_word' id='word_1_92' title='bbox 313 1575 468 1650; x_wconf 73' lang='grc' dir='ltr'><strong><em>διανοίας</em></strong></span> <span class='ocrx_word' id='word_1_93' title='bbox 489 1578 579 1640; x_wconf 75' lang='lat' dir='ltr'>An:</span> <span class='ocrx_word' id='word_1_94' title='bbox 600 1580 662 1658; x_wconf 77' lang='grc' dir='ltr'>τῆς</span> <span class='ocrx_word' id='word_1_95' title='bbox 684 1575 745 1654; x_wconf 82' lang='grc' dir='ltr'>μὲν</span> <span class='ocrx_word' id='word_1_96' title='bbox 769 1573 923 1650; x_wconf 76' lang='grc' dir='ltr'><strong><em>διανοίας</em></strong></span> <span class='ocrx_word' id='word_1_97' title='bbox 946 1565 1055 1638; x_wconf 76' lang='grc' dir='ltr'><strong><em>αὐτῶν</em></strong></span> <span class='ocrx_word' id='word_1_98' title='bbox 1082 1575 1139 1639; x_wconf 69' lang='grc' dir='ltr'>Θα.</span> 
     </span>
    </p>

    <p class='ocr_par' dir='ltr' id='par_1_4' title="bbox 312 1670 1472 1961">
     <span class='ocr_line' id='line_1_13' title="bbox 398 1670 1472 1762; baseline -0.011 -18"><span class='ocrx_word' id='word_1_99' title='bbox 398 1677 444 1744; x_wconf 93' lang='lat' dir='ltr'>IV</span> <span class='ocrx_word' id='word_1_100' title='bbox 467 1678 521 1742; x_wconf 89' lang='lat'>80.</span> <span class='ocrx_word' id='word_1_101' title='bbox 541 1680 589 1760; x_wconf 78' lang='grc' dir='ltr'>τῴ</span> <span class='ocrx_word' id='word_1_102' title='bbox 613 1672 667 1753; x_wconf 86' lang='grc' dir='ltr'>(τὰ</span> <span class='ocrx_word' id='word_1_103' title='bbox 689 1681 729 1738; x_wconf 94' lang='grc' dir='ltr'><em>Λ</em></span> <span class='ocrx_word' id='word_1_104' title='bbox 750 1697 809 1762; x_wconf 73' lang='lat' dir='ltr'>pa,</span> <span class='ocrx_word' id='word_1_105' title='bbox 833 1696 914 1743; x_wconf 86' lang='lat' dir='ltr'>eorr.</span> <span class='ocrx_word' id='word_1_106' title='bbox 936 1677 969 1753; x_wconf 77' lang='lat'>2)</span> <span class='ocrx_word' id='word_1_107' title='bbox 992 1688 1107 1742; x_wconf 84' lang='grc' dir='ltr'><strong><em>ποιεῖν</em></strong></span> <span class='ocrx_word' id='word_1_108' title='bbox 1130 1673 1225 1741; x_wconf 81' lang='lat' dir='ltr'>codd.</span> <span class='ocrx_word' id='word_1_109' title='bbox 1248 1671 1324 1737; x_wconf 63' lang='lat' dir='ltr'>Aa:</span> <span class='ocrx_word' id='word_1_110' title='bbox 1347 1670 1404 1735; x_wconf 84' lang='grc' dir='ltr'>καὶ</span> <span class='ocrx_word' id='word_1_111' title='bbox 1426 1676 1472 1752; x_wconf 73' lang='grc' dir='ltr'>τῷ</span> 
     </span>
     <span class='ocr_line' id='line_1_14' title="bbox 312 1769 1472 1860; baseline -0.004 -17"><span class='ocrx_word' id='word_1_112' title='bbox 312 1789 427 1844; x_wconf 77' lang='grc' dir='ltr'><strong><em>ποιεῖν</em></strong></span> <span class='ocrx_word' id='word_1_113' title='bbox 452 1778 502 1842; x_wconf 59' lang='lat' dir='ltr'>&amp;a</span> <span class='ocrx_word' id='word_1_114' title='bbox 518 1776 752 1860; x_wconf 80' lang='lat' dir='ltr'>(dittographia</span> <span class='ocrx_word' id='word_1_115' title='bbox 766 1782 840 1860; x_wconf 84' lang='lat' dir='ltr'>post</span> <span class='ocrx_word' id='word_1_116' title='bbox 854 1773 1148 1855; x_wconf 76' lang='grc' dir='ltr'><strong><em>ἀποκαλεῖσθαι).</em></strong></span> <span class='ocrx_word' id='word_1_117' title='bbox 1185 1778 1236 1841; x_wconf 92' lang='grc'>86.</span> <span class='ocrx_word' id='word_1_118' title='bbox 1253 1769 1362 1856; x_wconf 78' lang='grc' dir='ltr'><strong><em>ὀλίγοι</em></strong></span> <span class='ocrx_word' id='word_1_119' title='bbox 1378 1771 1472 1839; x_wconf 77' lang='lat' dir='ltr'>codd.</span> 
     </span>
     <span class='ocr_line' id='line_1_15' title="bbox 313 1871 665 1961; baseline -0.009 -19"><span class='ocrx_word' id='word_1_120' title='bbox 313 1879 388 1944; x_wconf 63' lang='lat' dir='ltr'>Aa:</span> <span class='ocrx_word' id='word_1_121' title='bbox 412 1871 521 1961; x_wconf 78' lang='grc' dir='ltr'><strong><em>δίίγοι</em></strong></span> <span class='ocrx_word' id='word_1_122' title='bbox 545 1877 582 1942; x_wconf 83' lang='grc' dir='ltr'>δὲ</span> <span class='ocrx_word' id='word_1_123' title='bbox 608 1879 665 1942; x_wconf 61' lang='lat' dir='ltr'>(da.</span> 
     </span>
    </p>

    <p class='ocr_par' dir='ltr' id='par_1_5' title="bbox 311 1979 1474 2149">
     <span class='ocr_line' id='line_1_16' title="bbox 399 1979 1474 2064; baseline -0.005 -18"><span class='ocrx_word' id='word_1_124' title='bbox 399 1981 506 2064; x_wconf 83' lang='lat' dir='ltr'>Atque</span> <span class='ocrx_word' id='word_1_125' title='bbox 529 1999 570 2046; x_wconf 90' lang='lat' dir='ltr'>ea</span> <span class='ocrx_word' id='word_1_126' title='bbox 591 1980 703 2063; x_wconf 86' lang='lat' dir='ltr'>verba,</span> <span class='ocrx_word' id='word_1_127' title='bbox 736 2000 820 2063; x_wconf 89' lang='lat' dir='ltr'>quae</span> <span class='ocrx_word' id='word_1_128' title='bbox 849 1979 882 2044; x_wconf 91' lang='lat' dir='ltr'>in</span> <span class='ocrx_word' id='word_1_129' title='bbox 911 1980 1024 2048; x_wconf 90' lang='lat' dir='ltr'>eodioe</span> <span class='ocrx_word' id='word_1_130' title='bbox 1047 1982 1099 2048; x_wconf 77' lang='grc' dir='ltr'>,Θα</span> <span class='ocrx_word' id='word_1_131' title='bbox 1128 1979 1363 2059; x_wconf 88' lang='lat' dir='ltr'>desiderantur,</span> <span class='ocrx_word' id='word_1_132' title='bbox 1398 1995 1474 2044; x_wconf 86' lang='lat' dir='ltr'>easu</span> 
     </span>
     <span class='ocr_line' id='line_1_17' title="bbox 311 2082 1120 2149; baseline -0.002 -1"><span class='ocrx_word' id='word_1_133' title='bbox 311 2082 557 2149; x_wconf 74' lang='lat' dir='ltr'>interciderunt:</span> <span class='ocrx_word' id='word_1_134' title='bbox 1102 2139 1120 2146; x_wconf 75' lang='grc'>.,</span> 
     </span>
    </p>

    <p class='ocr_par' dir='ltr' id='par_1_6' title="bbox 305 2177 1475 2875">
     <span class='ocr_line' id='line_1_18' title="bbox 400 2177 1474 2266; baseline -0.007 -18"><span class='ocrx_word' id='word_1_135' title='bbox 400 2183 477 2249; x_wconf 87' lang='lat' dir='ltr'>VIII</span> <span class='ocrx_word' id='word_1_136' title='bbox 499 2186 551 2248; x_wconf 82' lang='lat'>27.</span> <span class='ocrx_word' id='word_1_137' title='bbox 572 2179 671 2262; x_wconf 79' lang='grc' dir='ltr'><strong><em>μόλις</em></strong></span> <span class='ocrx_word' id='word_1_138' title='bbox 692 2180 757 2266; x_wconf 85' lang='grc' dir='ltr'>γὰρ</span> <span class='ocrx_word' id='word_1_139' title='bbox 780 2177 822 2246; x_wconf 81' lang='grc' dir='ltr'>δν</span> <span class='ocrx_word' id='word_1_140' title='bbox 844 2183 937 2251; x_wconf 82' lang='grc' dir='ltr'><strong><em>οοδδ.</em></strong></span> <span class='ocrx_word' id='word_1_141' title='bbox 962 2184 1036 2249; x_wconf 61' lang='lat' dir='ltr'>Aa:</span> <span class='ocrx_word' id='word_1_142' title='bbox 1061 2179 1101 2248; x_wconf 81' lang='grc' dir='ltr'>διν</span> <span class='ocrx_word' id='word_1_143' title='bbox 1124 2204 1185 2251; x_wconf 91' lang='lat' dir='ltr'>om.</span> <span class='ocrx_word' id='word_1_144' title='bbox 1211 2183 1271 2247; x_wconf 75' lang='grc' dir='ltr'>Θα.</span> <span class='ocrx_word' id='word_1_145' title='bbox 1310 2185 1361 2246; x_wconf 89' lang='grc'>40.</span> <span class='ocrx_word' id='word_1_146' title='bbox 1382 2177 1474 2260; x_wconf 73' lang='grc' dir='ltr'><strong><em>ἕχον·</em></strong></span> 
     </span>
     <span class='ocr_line' id='line_1_19' title="bbox 305 2279 1473 2370; baseline -0.002 -22"><span class='ocrx_word' id='word_1_147' title='bbox 305 2284 393 2363; x_wconf 87' lang='grc' dir='ltr'><strong><em>·οι(ν)</em></strong></span> <span class='ocrx_word' id='word_1_148' title='bbox 416 2281 477 2368; x_wconf 75' lang='grc' dir='ltr'>τὴν</span> <span class='ocrx_word' id='word_1_149' title='bbox 500 2282 593 2350; x_wconf 87' lang='lat' dir='ltr'>eodd.</span> <span class='ocrx_word' id='word_1_150' title='bbox 617 2283 690 2349; x_wconf 60' lang='lat' dir='ltr'>Aa:</span> <span class='ocrx_word' id='word_1_151' title='bbox 720 2282 780 2368; x_wconf 75' lang='grc' dir='ltr'>τὴν</span> <span class='ocrx_word' id='word_1_152' title='bbox 810 2305 872 2352; x_wconf 91' lang='lat' dir='ltr'>om.</span> <span class='ocrx_word' id='word_1_153' title='bbox 898 2287 957 2352; x_wconf 68' lang='grc' dir='ltr'>Θα.</span> <span class='ocrx_word' id='word_1_154' title='bbox 1002 2289 1053 2352; x_wconf 78' lang='lat'>42.</span> <span class='ocrx_word' id='word_1_155' title='bbox 1076 2291 1138 2370; x_wconf 83' lang='grc' dir='ltr'>τῆς</span> <span class='ocrx_word' id='word_1_156' title='bbox 1165 2279 1349 2370; x_wconf 78' lang='grc' dir='ltr'><strong><em>ἡγεμονίας</em></strong></span> <span class='ocrx_word' id='word_1_157' title='bbox 1379 2281 1473 2350; x_wconf 85' lang='lat' dir='ltr'>eodd.</span> 
     </span>
     <span class='ocr_line' id='line_1_20' title="bbox 314 2379 1474 2469; baseline -0.003 -20"><span class='ocrx_word' id='word_1_158' title='bbox 314 2387 386 2452; x_wconf 64' lang='lat' dir='ltr'>Aa:</span> <span class='ocrx_word' id='word_1_159' title='bbox 420 2386 481 2469; x_wconf 79' lang='grc' dir='ltr'>τῆς</span> <span class='ocrx_word' id='word_1_160' title='bbox 511 2406 574 2452; x_wconf 88' lang='lat' dir='ltr'>om.</span> <span class='ocrx_word' id='word_1_161' title='bbox 601 2384 659 2450; x_wconf 66' lang='lat'>(9⁰².</span> <span class='ocrx_word' id='word_1_162' title='bbox 705 2389 756 2452; x_wconf 88' lang='lat'>43.</span> <span class='ocrx_word' id='word_1_163' title='bbox 788 2380 968 2468; x_wconf 74' lang='grc' dir='ltr'><strong><em>ἡμετέραις</em></strong></span> <span class='ocrx_word' id='word_1_164' title='bbox 996 2379 1106 2450; x_wconf 80' lang='grc' dir='ltr'><strong><em>αὐτῶν</em></strong></span> <span class='ocrx_word' id='word_1_165' title='bbox 1135 2386 1230 2453; x_wconf 83' lang='grc' dir='ltr'><strong><em>οοδδ.</em></strong></span> <span class='ocrx_word' id='word_1_166' title='bbox 1259 2385 1333 2452; x_wconf 65' lang='grc' dir='ltr'>Λαι</span> <span class='ocrx_word' id='word_1_167' title='bbox 1366 2381 1474 2449; x_wconf 80' lang='grc' dir='ltr'><strong><em>αὐτῶν</em></strong></span> 
     </span>
     <span class='ocr_line' id='line_1_21' title="bbox 314 2484 1474 2571; baseline -0.004 -17"><span class='ocrx_word' id='word_1_168' title='bbox 314 2508 376 2554; x_wconf 86' lang='lat' dir='ltr'>om.</span> <span class='ocrx_word' id='word_1_169' title='bbox 400 2487 451 2552; x_wconf 70' lang='grc' dir='ltr'>Θα</span> <span class='ocrx_word' id='word_1_170' title='bbox 482 2487 588 2569; x_wconf 67' lang='lat' dir='ltr'>Dion,</span> <span class='ocrx_word' id='word_1_171' title='bbox 625 2488 664 2552; x_wconf 81' lang='lat' dir='ltr'>ef.</span> <span class='ocrx_word' id='word_1_172' title='bbox 695 2487 741 2553; x_wconf 87' lang='lat' dir='ltr'>VI</span> <span class='ocrx_word' id='word_1_173' title='bbox 770 2490 821 2554; x_wconf 86' lang='lat'>83.</span> <span class='ocrx_word' id='word_1_174' title='bbox 865 2484 1106 2571; x_wconf 73' lang='grc' dir='ltr'>49.’ἡμειέραν</span> <span class='ocrx_word' id='word_1_175' title='bbox 1140 2485 1249 2552; x_wconf 79' lang='grc' dir='ltr'><strong><em>αὐτῶν</em></strong></span> <span class='ocrx_word' id='word_1_176' title='bbox 1282 2486 1379 2554; x_wconf 75' lang='lat' dir='ltr'>codd.</span> <span class='ocrx_word' id='word_1_177' title='bbox 1402 2485 1474 2550; x_wconf 76' lang='lat' dir='ltr'>A“:</span> 
     </span>
     <span class='ocr_line' id='line_1_22' title="bbox 314 2581 1474 2672; baseline 0 -20"><span class='ocrx_word' id='word_1_178' title='bbox 314 2589 421 2654; x_wconf 80' lang='grc' dir='ltr'><strong><em>αὐτῶν</em></strong></span> <span class='ocrx_word' id='word_1_179' title='bbox 444 2608 507 2655; x_wconf 84' lang='lat' dir='ltr'>orn.</span> <span class='ocrx_word' id='word_1_180' title='bbox 526 2587 591 2655; x_wconf 60' lang='lat' dir='ltr'>adia.</span> <span class='ocrx_word' id='word_1_181' title='bbox 639 2592 690 2652; x_wconf 84' lang='lat'>51.</span> <span class='ocrx_word' id='word_1_182' title='bbox 715 2581 737 2672; x_wconf 80' lang='grc' dir='ltr'><strong><em>ἢ</em></strong></span> <span class='ocrx_word' id='word_1_183' title='bbox 759 2589 841 2671; x_wconf 77' lang='grc' dir='ltr'><strong><em>περὶ</em></strong></span> <span class='ocrx_word' id='word_1_184' title='bbox 865 2589 958 2656; x_wconf 89' lang='lat' dir='ltr'>eodd.</span> <span class='ocrx_word' id='word_1_185' title='bbox 978 2591 1050 2656; x_wconf 64' lang='lat' dir='ltr'>Aa:</span> <span class='ocrx_word' id='word_1_186' title='bbox 1074 2589 1156 2672; x_wconf 81' lang='grc' dir='ltr'><strong><em>περὶ</em></strong></span> <span class='ocrx_word' id='word_1_187' title='bbox 1179 2609 1242 2656; x_wconf 86' lang='lat' dir='ltr'>om.</span> <span class='ocrx_word' id='word_1_188' title='bbox 1261 2589 1321 2654; x_wconf 67' lang='grc' dir='ltr'>Θα.</span> <span class='ocrx_word' id='word_1_189' title='bbox 1355 2592 1407 2654; x_wconf 89' lang='grc'>54.</span> <span class='ocrx_word' id='word_1_190' title='bbox 1422 2611 1474 2652; x_wconf 88' lang='grc' dir='ltr'>το-</span> 
     </span>
     <span class='ocr_line' id='line_1_23' title="bbox 315 2683 1475 2758; baseline 0 -5"><span class='ocrx_word' id='word_1_191' title='bbox 315 2695 436 2753; x_wconf 84' lang='grc' dir='ltr'><strong><em>σοῦτον</em></strong></span> <span class='ocrx_word' id='word_1_192' title='bbox 460 2688 497 2754; x_wconf 79' lang='grc' dir='ltr'>δὲ</span> <span class='ocrx_word' id='word_1_193' title='bbox 522 2690 616 2756; x_wconf 87' lang='lat' dir='ltr'>oodd.</span> <span class='ocrx_word' id='word_1_194' title='bbox 640 2689 716 2756; x_wconf 58' lang='lat' dir='ltr'>Aa:</span> <span class='ocrx_word' id='word_1_195' title='bbox 747 2688 784 2754; x_wconf 82' lang='grc' dir='ltr'>δὲ</span> <span class='ocrx_word' id='word_1_196' title='bbox 807 2711 869 2757; x_wconf 88' lang='lat' dir='ltr'>om.</span> <span class='ocrx_word' id='word_1_197' title='bbox 896 2692 954 2756; x_wconf 67' lang='lat'>(9⁰⁶.</span> <span class='ocrx_word' id='word_1_198' title='bbox 1000 2696 1051 2758; x_wconf 88' lang='lat'>54.</span> <span class='ocrx_word' id='word_1_199' title='bbox 1074 2689 1133 2755; x_wconf 83' lang='grc' dir='ltr'>τὸν</span> <span class='ocrx_word' id='word_1_200' title='bbox 1156 2683 1258 2755; x_wconf 78' lang='grc' dir='ltr'><strong><em>αὐτὸν</em></strong></span> <span class='ocrx_word' id='word_1_201' title='bbox 1282 2691 1377 2758; x_wconf 86' lang='lat' dir='ltr'>eodd.</span> <span class='ocrx_word' id='word_1_202' title='bbox 1402 2690 1475 2754; x_wconf 73' lang='lat' dir='ltr'>A“:</span> 
     </span>
     <span class='ocr_line' id='line_1_24' title="bbox 314 2786 1315 2875; baseline 0.002 -21"><span class='ocrx_word' id='word_1_203' title='bbox 314 2788 376 2863; x_wconf 82' lang='grc' dir='ltr'>τὸν</span> <span class='ocrx_word' id='word_1_204' title='bbox 398 2811 462 2856; x_wconf 92' lang='lat' dir='ltr'>om.</span> <span class='ocrx_word' id='word_1_205' title='bbox 488 2791 546 2856; x_wconf 67' lang='lat'>6⁰⁶.</span> <span class='ocrx_word' id='word_1_206' title='bbox 592 2794 665 2856; x_wconf 84' lang='lat'>140.</span> <span class='ocrx_word' id='word_1_207' title='bbox 690 2786 739 2856; x_wconf 73' lang='grc' dir='ltr'>δι’</span> <span class='ocrx_word' id='word_1_208' title='bbox 764 2787 858 2875; x_wconf 74' lang='grc' dir='ltr'><strong><em>ἡμῶν</em></strong></span> <span class='ocrx_word' id='word_1_209' title='bbox 880 2791 975 2859; x_wconf 77' lang='lat' dir='ltr'>codd.</span> <span class='ocrx_word' id='word_1_210' title='bbox 1000 2793 1071 2856; x_wconf 65' lang='lat' dir='ltr'>Aa:</span> <span class='ocrx_word' id='word_1_211' title='bbox 1094 2789 1140 2856; x_wconf 82' lang='grc' dir='ltr'>δι’</span> <span class='ocrx_word' id='word_1_212' title='bbox 1169 2812 1232 2858; x_wconf 90' lang='lat' dir='ltr'>om.</span> <span class='ocrx_word' id='word_1_213' title='bbox 1257 2792 1315 2856; x_wconf 62' lang='grc' dir='ltr'>Θα.</span> 
     </span>
    </p>

    <p class='ocr_par' dir='ltr' id='par_1_7' title="bbox 312 2891 1478 3898">
     <span class='ocr_line' id='line_1_25' title="bbox 399 2891 1474 2973; baseline -0.002 -15"><span class='ocrx_word' id='word_1_214' title='bbox 399 2892 445 2958; x_wconf 89' lang='lat' dir='ltr'>IV</span> <span class='ocrx_word' id='word_1_215' title='bbox 468 2894 518 2958; x_wconf 82' lang='lat'>52.</span> <span class='ocrx_word' id='word_1_216' title='bbox 541 2895 747 2973; x_wconf 76' lang='grc' dir='ltr'><strong><em>παρέχοντες</em></strong></span> <span class='ocrx_word' id='word_1_217' title='bbox 774 2893 830 2957; x_wconf 82' lang='grc' dir='ltr'>καὶ</span> <span class='ocrx_word' id='word_1_218' title='bbox 853 2892 948 2960; x_wconf 86' lang='lat' dir='ltr'>eodd.</span> <span class='ocrx_word' id='word_1_219' title='bbox 969 2894 1044 2959; x_wconf 60' lang='lat' dir='ltr'>Aa:</span> <span class='ocrx_word' id='word_1_220' title='bbox 1073 2891 1131 2956; x_wconf 89' lang='grc' dir='ltr'>καὶ</span> <span class='ocrx_word' id='word_1_221' title='bbox 1153 2913 1215 2960; x_wconf 89' lang='lat' dir='ltr'>om.</span> <span class='ocrx_word' id='word_1_222' title='bbox 1240 2892 1300 2956; x_wconf 72' lang='grc' dir='ltr'>Θα.</span> <span class='ocrx_word' id='word_1_223' title='bbox 1345 2893 1398 2958; x_wconf 86' lang='grc'>53.</span> <span class='ocrx_word' id='word_1_224' title='bbox 1422 2891 1474 2956; x_wconf 90' lang='grc' dir='ltr'>διδ</span> 
     </span>
     <span class='ocr_line' id='line_1_26' title="bbox 316 2991 1475 3080; baseline 0.003 -24"><span class='ocrx_word' id='word_1_225' title='bbox 316 2991 357 3079; x_wconf 84' lang='grc' dir='ltr'>δὴ</span> <span class='ocrx_word' id='word_1_226' title='bbox 380 2994 438 3058; x_wconf 87' lang='grc' dir='ltr'>καὶ</span> <span class='ocrx_word' id='word_1_227' title='bbox 460 2993 555 3060; x_wconf 87' lang='lat' dir='ltr'>eodd.</span> <span class='ocrx_word' id='word_1_228' title='bbox 578 2995 651 3061; x_wconf 62' lang='lat' dir='ltr'>Aa:</span> <span class='ocrx_word' id='word_1_229' title='bbox 682 2995 740 3060; x_wconf 83' lang='grc' dir='ltr'>καὶ</span> <span class='ocrx_word' id='word_1_230' title='bbox 762 3015 824 3061; x_wconf 89' lang='lat'>0111.</span> <span class='ocrx_word' id='word_1_231' title='bbox 843 2995 899 3060; x_wconf 62' lang='grc' dir='ltr'>,(81ι</span> <span class='ocrx_word' id='word_1_232' title='bbox 921 2997 1003 3074; x_wconf 85' lang='grc' dir='ltr'>(καὶ</span> <span class='ocrx_word' id='word_1_233' title='bbox 1032 2997 1294 3080; x_wconf 81' lang='grc' dir='ltr'><strong><em>κατηγοροῦσι).</em></strong></span> <span class='ocrx_word' id='word_1_234' title='bbox 1339 2997 1393 3059; x_wconf 88' lang='grc'>54.</span> <span class='ocrx_word' id='word_1_235' title='bbox 1415 2995 1475 3075; x_wconf 83' lang='grc' dir='ltr'>μὲν</span> 
     </span>
     <span class='ocr_line' id='line_1_27' title="bbox 314 3082 1473 3183; baseline 0.003 -21"><span class='ocrx_word' id='word_1_236' title='bbox 314 3082 373 3164; x_wconf 78' lang='grc' dir='ltr'>οδν</span> <span class='ocrx_word' id='word_1_237' title='bbox 396 3100 491 3168; x_wconf 84' lang='grc' dir='ltr'><strong><em>εοδδ.</em></strong></span> <span class='ocrx_word' id='word_1_238' title='bbox 513 3101 587 3166; x_wconf 65' lang='lat' dir='ltr'>Aa:</span> <span class='ocrx_word' id='word_1_239' title='bbox 609 3101 673 3180; x_wconf 79' lang='grc' dir='ltr'>μὲν</span> <span class='ocrx_word' id='word_1_240' title='bbox 695 3121 759 3167; x_wconf 92' lang='lat' dir='ltr'>om.</span> <span class='ocrx_word' id='word_1_241' title='bbox 785 3100 847 3183; x_wconf 63' lang='grc' dir='ltr'>Θα,</span> <span class='ocrx_word' id='word_1_242' title='bbox 872 3103 911 3168; x_wconf 91' lang='lat' dir='ltr'>ef.</span> <span class='ocrx_word' id='word_1_243' title='bbox 936 3099 1022 3165; x_wconf 73' lang='grc' dir='ltr'><strong><em>πολι)</em></strong></span> <span class='ocrx_word' id='word_1_244' title='bbox 1038 3099 1087 3167; x_wconf 82' lang='grc' dir='ltr'>δὲ.</span> <span class='ocrx_word' id='word_1_245' title='bbox 1132 3103 1183 3165; x_wconf 91' lang='grc'>57.</span> <span class='ocrx_word' id='word_1_246' title='bbox 1207 3096 1261 3164; x_wconf 83' lang='grc' dir='ltr'>δτι</span> <span class='ocrx_word' id='word_1_247' title='bbox 1284 3101 1354 3164; x_wconf 83' lang='grc' dir='ltr'>καί</span> <span class='ocrx_word' id='word_1_248' title='bbox 1376 3095 1473 3165; x_wconf 75' lang='grc' dir='ltr'>καθ’</span> 
     </span>
     <span class='ocr_line' id='line_1_28' title="bbox 314 3195 1475 3286; baseline 0 -19"><span class='ocrx_word' id='word_1_249' title='bbox 314 3202 410 3268; x_wconf 84' lang='grc' dir='ltr'><strong><em>οοδδ.</em></strong></span> <span class='ocrx_word' id='word_1_250' title='bbox 433 3203 507 3268; x_wconf 61' lang='lat' dir='ltr'>Aa:</span> <span class='ocrx_word' id='word_1_251' title='bbox 535 3203 592 3266; x_wconf 84' lang='grc' dir='ltr'>καί</span> <span class='ocrx_word' id='word_1_252' title='bbox 616 3223 678 3270; x_wconf 89' lang='lat' dir='ltr'>om.</span> <span class='ocrx_word' id='word_1_253' title='bbox 704 3203 763 3285; x_wconf 66' lang='grc' dir='ltr'>Θα,</span> <span class='ocrx_word' id='word_1_254' title='bbox 786 3203 826 3269; x_wconf 81' lang='lat' dir='ltr'>of.</span> <span class='ocrx_word' id='word_1_255' title='bbox 849 3206 868 3280; x_wconf 84' lang='lat'>§</span> <span class='ocrx_word' id='word_1_256' title='bbox 891 3205 941 3268; x_wconf 91' lang='grc'>53.</span> <span class='ocrx_word' id='word_1_257' title='bbox 987 3207 1038 3268; x_wconf 91' lang='grc'>57.</span> <span class='ocrx_word' id='word_1_258' title='bbox 1060 3207 1113 3278; x_wconf 89' lang='grc' dir='ltr'>τίς</span> <span class='ocrx_word' id='word_1_259' title='bbox 1135 3199 1198 3286; x_wconf 83' lang='grc' dir='ltr'>γὰρ</span> <span class='ocrx_word' id='word_1_260' title='bbox 1221 3195 1261 3266; x_wconf 78' lang='grc' dir='ltr'>δν</span> <span class='ocrx_word' id='word_1_261' title='bbox 1286 3200 1380 3269; x_wconf 84' lang='grc' dir='ltr'><strong><em>οοδδ.</em></strong></span> <span class='ocrx_word' id='word_1_262' title='bbox 1403 3203 1475 3268; x_wconf 61' lang='lat' dir='ltr'>Aa:</span> 
     </span>
     <span class='ocr_line' id='line_1_29' title="bbox 317 3294 1477 3389; baseline 0.004 -25"><span class='ocrx_word' id='word_1_263' title='bbox 317 3294 358 3367; x_wconf 79' lang='grc' dir='ltr'>δν</span> <span class='ocrx_word' id='word_1_264' title='bbox 381 3323 445 3369; x_wconf 90' lang='lat' dir='ltr'>om.</span> <span class='ocrx_word' id='word_1_265' title='bbox 471 3304 529 3367; x_wconf 65' lang='grc' dir='ltr'>Θα.</span> <span class='ocrx_word' id='word_1_266' title='bbox 576 3307 628 3368; x_wconf 88' lang='grc'>61.</span> <span class='ocrx_word' id='word_1_267' title='bbox 652 3301 816 3387; x_wconf 86' lang='grc' dir='ltr'><strong><em>πρόγονοι</em></strong></span> <span class='ocrx_word' id='word_1_268' title='bbox 839 3305 901 3384; x_wconf 77' lang='grc' dir='ltr'>μὲν</span> <span class='ocrx_word' id='word_1_269' title='bbox 930 3304 1026 3371; x_wconf 85' lang='grc' dir='ltr'><strong><em>οοδδ.</em></strong></span> <span class='ocrx_word' id='word_1_270' title='bbox 1049 3305 1122 3369; x_wconf 64' lang='lat' dir='ltr'>Aa:</span> <span class='ocrx_word' id='word_1_271' title='bbox 1155 3305 1216 3384; x_wconf 82' lang='grc' dir='ltr'>μὲν</span> <span class='ocrx_word' id='word_1_272' title='bbox 1247 3323 1312 3370; x_wconf 90' lang='lat' dir='ltr'>om.</span> <span class='ocrx_word' id='word_1_273' title='bbox 1337 3305 1396 3389; x_wconf 64' lang='grc' dir='ltr'>Θα,</span> <span class='ocrx_word' id='word_1_274' title='bbox 1436 3306 1477 3372; x_wconf 82' lang='lat' dir='ltr'>of.</span> 
     </span>
     <span class='ocr_line' id='line_1_30' title="bbox 316 3403 1476 3487; baseline 0.002 -19"><span class='ocrx_word' id='word_1_275' title='bbox 316 3403 450 3486; x_wconf 74' lang='grc' dir='ltr'><strong><em>ἔκγονοι</em></strong></span> <span class='ocrx_word' id='word_1_276' title='bbox 482 3403 531 3469; x_wconf 81' lang='grc' dir='ltr'>δὲ.</span> <span class='ocrx_word' id='word_1_277' title='bbox 577 3407 627 3470; x_wconf 86' lang='grc'>64.</span> <span class='ocrx_word' id='word_1_278' title='bbox 651 3409 709 3468; x_wconf 83' lang='grc' dir='ltr'>νῦν</span> <span class='ocrx_word' id='word_1_279' title='bbox 738 3403 789 3468; x_wconf 74' lang='grc' dir='ltr'>ἔτι</span> <span class='ocrx_word' id='word_1_280' title='bbox 818 3404 913 3472; x_wconf 88' lang='lat' dir='ltr'>eodd.</span> <span class='ocrx_word' id='word_1_281' title='bbox 936 3406 1009 3471; x_wconf 64' lang='lat' dir='ltr'>Aa:</span> <span class='ocrx_word' id='word_1_282' title='bbox 1042 3404 1094 3471; x_wconf 73' lang='grc' dir='ltr'>ἔτι</span> <span class='ocrx_word' id='word_1_283' title='bbox 1121 3425 1185 3472; x_wconf 90' lang='lat' dir='ltr'>om.</span> <span class='ocrx_word' id='word_1_284' title='bbox 1216 3407 1276 3471; x_wconf 72' lang='grc' dir='ltr'>Θα.</span> <span class='ocrx_word' id='word_1_285' title='bbox 1319 3407 1372 3472; x_wconf 90' lang='grc'>68.</span> <span class='ocrx_word' id='word_1_286' title='bbox 1396 3410 1476 3487; x_wconf 89' lang='grc' dir='ltr'><strong><em>μίαν</em></strong></span> 
     </span>
     <span class='ocr_line' id='line_1_31' title="bbox 315 3497 1477 3590; baseline 0.003 -22"><span class='ocrx_word' id='word_1_287' title='bbox 315 3504 377 3582; x_wconf 83' lang='grc' dir='ltr'>μὲν</span> <span class='ocrx_word' id='word_1_288' title='bbox 407 3504 501 3570; x_wconf 87' lang='lat' dir='ltr'>eodd.</span> <span class='ocrx_word' id='word_1_289' title='bbox 531 3503 606 3570; x_wconf 63' lang='lat' dir='ltr'>Aa:</span> <span class='ocrx_word' id='word_1_290' title='bbox 642 3503 703 3583; x_wconf 83' lang='grc' dir='ltr'>μὲν</span> <span class='ocrx_word' id='word_1_291' title='bbox 732 3524 795 3572; x_wconf 76' lang='lat' dir='ltr'>ona</span> <span class='ocrx_word' id='word_1_292' title='bbox 824 3508 883 3590; x_wconf 68' lang='grc' dir='ltr'>Θα,</span> <span class='ocrx_word' id='word_1_293' title='bbox 923 3508 963 3574; x_wconf 88' lang='lat' dir='ltr'>of.</span> <span class='ocrx_word' id='word_1_294' title='bbox 992 3502 1135 3572; x_wconf 77' lang='grc' dir='ltr'><strong><em>ἁπασῶν</em></strong></span> <span class='ocrx_word' id='word_1_295' title='bbox 1165 3507 1213 3572; x_wconf 79' lang='grc' dir='ltr'>δὲ.</span> <span class='ocrx_word' id='word_1_296' title='bbox 1259 3510 1309 3572; x_wconf 88' lang='grc'>73.</span> <span class='ocrx_word' id='word_1_297' title='bbox 1337 3497 1392 3572; x_wconf 79' lang='grc' dir='ltr'>δτι</span> <span class='ocrx_word' id='word_1_298' title='bbox 1421 3509 1477 3572; x_wconf 81' lang='grc' dir='ltr'>καὶ</span> 
     </span>
     <span class='ocr_line' id='line_1_32' title="bbox 316 3601 1477 3692; baseline 0.004 -22"><span class='ocrx_word' id='word_1_299' title='bbox 316 3604 411 3670; x_wconf 89' lang='lat' dir='ltr'>eodd.</span> <span class='ocrx_word' id='word_1_300' title='bbox 434 3607 508 3670; x_wconf 62' lang='lat' dir='ltr'>Aa:</span> <span class='ocrx_word' id='word_1_301' title='bbox 532 3607 590 3670; x_wconf 82' lang='grc' dir='ltr'>καί</span> <span class='ocrx_word' id='word_1_302' title='bbox 614 3627 677 3675; x_wconf 88' lang='lat' dir='ltr'>om.</span> <span class='ocrx_word' id='word_1_303' title='bbox 702 3606 760 3672; x_wconf 61' lang='grc' dir='ltr'>Θα.</span> <span class='ocrx_word' id='word_1_304' title='bbox 807 3609 858 3674; x_wconf 87' lang='grc'>83.</span> <span class='ocrx_word' id='word_1_305' title='bbox 882 3606 917 3674; x_wconf 74' lang='grc' dir='ltr'>ἐν</span> <span class='ocrx_word' id='word_1_306' title='bbox 942 3601 1043 3692; x_wconf 80' lang='grc' dir='ltr'><strong><em>ὀλίγῳ</em></strong></span> <span class='ocrx_word' id='word_1_307' title='bbox 1067 3608 1162 3676; x_wconf 86' lang='lat' dir='ltr'>eodd.</span> <span class='ocrx_word' id='word_1_308' title='bbox 1185 3610 1258 3676; x_wconf 59' lang='lat' dir='ltr'>Aa:</span> <span class='ocrx_word' id='word_1_309' title='bbox 1280 3608 1315 3673; x_wconf 83' lang='grc' dir='ltr'>ὲν</span> <span class='ocrx_word' id='word_1_310' title='bbox 1338 3629 1401 3676; x_wconf 92' lang='lat' dir='ltr'>om.</span> <span class='ocrx_word' id='word_1_311' title='bbox 1429 3612 1477 3675; x_wconf 84' lang='grc' dir='ltr'>Θα</span> 
     </span>
     <span class='ocr_line' id='line_1_33' title="bbox 312 3705 1478 3794; baseline 0.003 -22"><span class='ocrx_word' id='word_1_312' title='bbox 312 3709 463 3788; x_wconf 88' lang='lat' dir='ltr'>.(propter</span> <span class='ocrx_word' id='word_1_313' title='bbox 484 3706 668 3788; x_wconf 89' lang='lat' dir='ltr'>homoeot.).</span> <span class='ocrx_word' id='word_1_314' title='bbox 713 3707 764 3772; x_wconf 88' lang='lat'>84.</span> <span class='ocrx_word' id='word_1_315' title='bbox 789 3705 935 3788; x_wconf 73' lang='lat' dir='ltr'>ovipara</span> <span class='ocrx_word' id='word_1_316' title='bbox 956 3720 1053 3785; x_wconf 81' lang='grc' dir='ltr'><strong><em>ταῖς</em></strong></span> <span class='ocrx_word' id='word_1_317' title='bbox 1075 3710 1123 3794; x_wconf 78' lang='grc' dir='ltr'>τῆ</span> <span class='ocrx_word' id='word_1_318' title='bbox 1131 3733 1148 3785; x_wconf 85' lang='grc' dir='ltr'><strong><em>ς</em></strong></span> <span class='ocrx_word' id='word_1_319' title='bbox 1177 3711 1273 3778; x_wconf 87' lang='lat' dir='ltr'>codd.</span> <span class='ocrx_word' id='word_1_320' title='bbox 1296 3711 1370 3777; x_wconf 63' lang='lat' dir='ltr'>Aa:</span> <span class='ocrx_word' id='word_1_321' title='bbox 1401 3723 1478 3788; x_wconf 83' lang='grc' dir='ltr'><strong><em>ταῖς</em></strong></span> 
     </span>
     <span class='ocr_line' id='line_1_34' title="bbox 317 3805 1477 3898; baseline 0.005 -26"><span class='ocrx_word' id='word_1_322' title='bbox 317 3825 380 3872; x_wconf 89' lang='lat' dir='ltr'>om.</span> <span class='ocrx_word' id='word_1_323' title='bbox 407 3805 465 3872; x_wconf 63' lang='grc' dir='ltr'>Θα.</span> <span class='ocrx_word' id='word_1_324' title='bbox 502 3809 554 3873; x_wconf 85' lang='grc'>98.</span> <span class='ocrx_word' id='word_1_325' title='bbox 578 3807 753 3874; x_wconf 86' lang='grc' dir='ltr'><strong><em>κίνδυνον</em></strong></span> <span class='ocrx_word' id='word_1_326' title='bbox 775 3807 848 3874; x_wconf 86' lang='grc' dir='ltr'>τὸν</span> <span class='ocrx_word' id='word_1_327' title='bbox 871 3809 965 3878; x_wconf 82' lang='grc' dir='ltr'><strong><em>εοδδ.</em></strong></span> <span class='ocrx_word' id='word_1_328' title='bbox 981 3812 1054 3877; x_wconf 57' lang='lat' dir='ltr'>Aa:</span> <span class='ocrx_word' id='word_1_329' title='bbox 1075 3807 1133 3875; x_wconf 89' lang='grc' dir='ltr'>τὸν</span> <span class='ocrx_word' id='word_1_330' title='bbox 1151 3831 1214 3878; x_wconf 89' lang='lat' dir='ltr'>om.</span> <span class='ocrx_word' id='word_1_331' title='bbox 1233 3813 1293 3878; x_wconf 69' lang='lat'>(¹2⁰⁸.</span> <span class='ocrx_word' id='word_1_332' title='bbox 1326 3815 1379 3879; x_wconf 81' lang='lat'>99.</span> <span class='ocrx_word' id='word_1_333' title='bbox 1394 3837 1477 3898; x_wconf 87' lang='grc' dir='ltr'><strong><em>προ-</em></strong></span> 
     </span>
    </p>
   </div>
   <div class='ocr_carea' id='block_1_3' title="bbox 251 3904 1478 4198">
    <p class='ocr_par' dir='ltr' id='par_1_8' title="bbox 251 3904 1478 4198">
     <span class='ocr_line' id='line_1_35' title="bbox 316 3904 1293 3995; baseline 0.009 -25"><span class='ocrx_word' id='word_1_334' title='bbox 316 3911 503 3988; x_wconf 75' lang='grc' dir='ltr'><strong><em>ταχθέντες</em></strong></span> <span class='ocrx_word' id='word_1_335' title='bbox 526 3906 612 3991; x_wconf 70' lang='lat' dir='ltr'>drudo</span> <span class='ocrx_word' id='word_1_336' title='bbox 634 3904 795 3976; x_wconf 71' lang='grc' dir='ltr'><strong><em>ἁπάντων</em></strong></span> <span class='ocrx_word' id='word_1_337' title='bbox 818 3911 913 3978; x_wconf 83' lang='grc' dir='ltr'><strong><em>οοδδ.</em></strong></span> <span class='ocrx_word' id='word_1_338' title='bbox 936 3912 1010 3976; x_wconf 70' lang='grc' dir='ltr'>Λαε</span> <span class='ocrx_word' id='word_1_339' title='bbox 1034 3905 1120 3995; x_wconf 68' lang='lat' dir='ltr'>drudo</span> <span class='ocrx_word' id='word_1_340' title='bbox 1142 3933 1206 3979; x_wconf 88' lang='lat' dir='ltr'>om.</span> <span class='ocrx_word' id='word_1_341' title='bbox 1232 3915 1293 3980; x_wconf 70' lang='grc' dir='ltr'>Θα.</span> 
     </span>
     <span class='ocr_line' id='line_1_36' title="bbox 402 4007 1478 4100; baseline 0.012 -27"><span class='ocrx_word' id='word_1_342' title='bbox 402 4007 469 4074; x_wconf 86' lang='lat' dir='ltr'>Sed</span> <span class='ocrx_word' id='word_1_343' title='bbox 485 4028 680 4093; x_wconf 85' lang='lat' dir='ltr'>quamquam</span> <span class='ocrx_word' id='word_1_344' title='bbox 694 4013 728 4077; x_wconf 93' lang='lat' dir='ltr'>in</span> <span class='ocrx_word' id='word_1_345' title='bbox 743 4013 914 4080; x_wconf 85' lang='lat' dir='ltr'>verborum</span> <span class='ocrx_word' id='word_1_346' title='bbox 930 4016 1228 4098; x_wconf 80' lang='lat' dir='ltr'>cognominatorum</span> <span class='ocrx_word' id='word_1_347' title='bbox 1242 4020 1478 4100; x_wconf 85' lang='lat' dir='ltr'>permutatione</span> 
     </span>
     <span class='ocr_line' id='line_1_37' title="bbox 251 4107 822 4198; baseline 0.016 -27"><span class='ocrx_word' id='word_1_348' title='bbox 251 4184 253 4188; x_wconf 22' lang='lat'><strong>¹</strong></span> <span class='ocrx_word' id='word_1_349' title='bbox 318 4107 371 4175; x_wconf 92' lang='lat' dir='ltr'>hie</span> <span class='ocrx_word' id='word_1_350' title='bbox 392 4109 461 4176; x_wconf 91' lang='lat' dir='ltr'>illie</span> <span class='ocrx_word' id='word_1_351' title='bbox 483 4111 651 4178; x_wconf 88' lang='lat' dir='ltr'>eonsilium</span> <span class='ocrx_word' id='word_1_352' title='bbox 672 4121 822 4198; x_wconf 85' lang='lat' dir='ltr'>apparet:</span> 
     </span>
    </p>
   </div>
   <div class='ocr_carea' id='block_1_4' title="bbox 0 0 1648 4968">
    <p class='ocr_par' dir='ltr' id='par_1_9' title="bbox 0 0 1648 4968">
     <span class='ocr_line' id='line_1_38' title="bbox 0 0 1648 4968; baseline 0 0"><span class='ocrx_word' id='word_1_353' title='bbox 0 0 1648 4968; x_wconf 95' lang='lat' dir='ltr'> </span> 
     </span>
    </p>
   </div>
  </div>
 </body>
</html>
