3318 4970
468 390 511 446 De
528 389 633 460 legione
650 389 834 446 Romanorum
850 390 873 447 1.
890 390 1040 447 Adiutrice.
1286 393 1327 451 81

173 563 371 647 properavit.
378 566 400 639 ¹)
438 562 561 642 Quibus
577 563 723 632 hostibus
739 565 875 632 devictis
891 585 963 631 cnm
978 564 1220 649 insequentibus
1235 565 1333 632 annis.

174 664 361 748 provincias
390 665 433 731 nd
455 665 604 732 Rhenum
634 673 666 733 st
689 666 873 733 Danuvium
895 668 973 734 sitas
995 672 1106 733 contra
1131 667 1328 734 incursiones

163 765 317 832 -hostium
346 767 596 852 permuniendar
627 775 768 851 curaret,
797 769 896 834 stiam
924 768 957 832 in
979 768 1147 834 Pannonia
1176 769 1327 834 constitit.

176 867 257 934 Inde
286 869 374 935 bello
402 871 486 936 iuter
506 870 750 938 Marcomannos
773 876 805 936 et
827 869 991 936 Vandalos
1020 874 1089 935 orto
1112 867 1255 936 interfuit
1276 867 1327 946 (cf.

175 969 266 1038 (lass.
283 971 348 1037 Dio
367 971 522 1036 LXXVII
537 975 588 1056 20,
606 976 637 1048 3)
660 981 691 1040 et
712 979 823 1039 contra
836 972 981 1054 Iazyges,
1005 971 1196 1053 quinetiam
1218 978 1330 1038 contra

174 1069 311 1153 Gothos,
334 1073 471 1155 quitum
487 1075 592 1157 primo
608 1095 680 1142 cum
696 1074 850 1142 Romanis
870 1073 1110 1156 concurrebant,
1132 1074 1328 1157 pugnavit.²)

261 1172 347 1240 Huic
374 1195 469 1258 anno,
500 1196 564 1260 quo
593 1177 713 1244 diutius
740 1178 774 1242 in
796 1175 964 1241 Pannonia
991 1172 1160 1240 (laracalla
1187 1181 1329 1242 moratus

175 1280 226 1340 est
248 1280 280 1340 et
302 1295 376 1340 cnm
400 1278 548 1344 omnibns
570 1277 638 1346 iere
659 1279 803 1344 finitimis
826 1277 975 1360 gentibus
998 1273 1152 1358 conflixit,
1179 1276 1329 1359 tribuam,

174 1375 263 1458 quod
286 1376 329 1442 ds
351 1379 445 1445 novis
461 1380 698 1447 Pannoniarum
720 1379 837 1446 finibus
859 1380 1033 1462 imperator
1055 1377 1176 1444 statuit
1214 1377 1329 1461 Neque

173 1477 210 1542 id
238 1479 380 1546 alienum
410 1500 482 1548 esss
509 1503 530 1548 a
559 1482 746 1550 Caracallus
775 1500 864 1547 mors
894 1499 934 1547 eo
964 1479 1209 1562 demonstratur,
1239 1480 1328 1563 quod

173 1579 262 1646 idem
291 1583 476 1664 provincias
499 1584 677 1668 Hispaniae
706 1585 811 1652 denno
841 1583 888 1648 ita
916 1581 1113 1663 terminavit,
1142 1587 1178 1646 ut
1197 1582 1329 1648 Asturia

174 1688 209 1748 et
220 1681 380 1767 Galaetia,
397 1703 480 1768 quas
491 1693 588 1754 antea
598 1686 786 1771 provinciae
798 1683 1049 1751 Tarraconensis
1060 1680 1197 1767 fuerant,
1209 1703 1330 1750 novum

173 1786 378 1868 provinciam
399 1787 611 1865 immanenti)
973 1777 983 1798 '
1294 1849 1296 1854 .

262 1885 386 1964 Quibus
414 1889 511 1956 rebus
540 1891 696 1973 expositis
725 1890 804 1956 satis
826 1888 975 1955 docuisse
997 1886 1121 1970 videor,
1148 1906 1232 1953 anno
1256 1890 1329 1954 214.

173 1989 229 2055 vel
252 1992 326 2055 215.
348 1990 408 2056 sub
435 1989 605 2057 Caracalla
626 1993 826 2059 Pannoniam
856 1990 1055 2074 superiorem
1082 1987 1268 2072 Brigetions
1297 1996 1330 2056 st

173 2091 305 2174 legione
334 2092 380 2156 ibi
408 2093 562 2160 tendente
590 2095 751 2179 privatam
781 2111 869 2175 esse,
899 2099 932 2158 et
959 2092 1035 2158 imls
1057 2091 1099 2157 ab
1122 2110 1161 2156 eo
1183 2097 1328 2175 temporo

174 2192 375 2259 Pannoniam
397 2191 583 2263 inferiorem
604 2217 625 2262 a
646 2195 828 2277 legionibus
850 2195 875 2260 I.
899 2201 932 2261 et
952 2194 993 2260 II.
1013 2193 1234 2260 Adiutricibus
1257 2212 1329 2261 osse

176 2295 354 2362 defensam.

361 2469 431 2542 54.
476 2467 533 2532 De
561 2467 688 2534 bellis
717 2473 755 2532 et
784 2463 1143 2550 expeditionibus,
1259 2519 1267 2534 .

494 2570 643 2652 quibus
671 2569 782 2651 legio
811 2567 1015 2633 interfuit.

261 2723 412 2788 Omnium
428 2723 637 2806 exercituum,
661 2721 717 2805 qui
732 2721 765 2785 in
780 2720 929 2786 omnibus
944 2718 1121 2804 provinciis
1144 2717 1328 2802 tendebant,

173 2827 271 2908 longe
299 2826 594 2908 praestantissimae
622 2825 880 2906 fortissimaeque
911 2829 944 2888 et
970 2841 1010 2888 ea
1031 2827 1140 2888 aetate
1161 2827 1195 2888 et
1215 2828 1330 2904 postea

173 2928 320 3010 legiones
344 2927 548 2994 Pannonicas
578 2929 708 3002 erant4)
751 2926 790 2991 Id
820 2927 905 2992 enim
928 2925 1066 3010 primum
1089 2923 1266 2991 clarissime
1290 2943 1329 2990 eo

174 3031 361 3112 illustratur,
391 3029 478 3113 qnod
507 3030 642 3114 milites,
671 3030 727 3112 qui
749 3028 825 3094 inde
847 3049 869 3093 a
889 3027 1048 3112 Septimio
1071 3025 1192 3093 Severo
1216 3026 1331 3110 optimi

174 3138 209 3198 et
240 3131 406 3198 fertissimi
434 3133 468 3196 in
496 3130 644 3198 cohortes
673 3132 852 3216 praetorias
886 3129 1104 3214 diligebantur
1132 3148 1173 3194 ex
1206 3128 1328 3194 cunctis

172 3235 373 3317 legionibus,
410 3253 428 3300 s
461 3234 628 3300 Pannonia
661 3233 789 3300 oriundi
823 3238 947 3298 ceteras
979 3231 1163 3315 provincias
1196 3249 1329 3295 numero

172 3338 272 3420 longe
295 3342 458 3420 superant.
496 3336 623 3402 Deinde
646 3337 680 3401 in
703 3336 851 3402 omnibus
873 3335 970 3400 bellis
992 3341 1025 3398 et
1047 3333 1197 3399 civilibus
1220 3337 1252 3397 et
1275 3351 1330 3396 ex-

173 3438 284 3520 ternis,
314 3437 384 3504 sive
412 3437 455 3504 ad
484 3458 574 3504 suam
597 3439 701 3521 ipsam
724 3439 794 3504 sive
824 3435 868 3502 ad
890 3436 972 3502 alias
995 3435 1123 3519 imperii
1145 3434 1331 3518 provincias

172 3540 395 3625 pertinebant,
433 3560 489 3607 eas
522 3541 632 3624 utique
665 3545 810 3606 versatas
844 3557 916 3605 esse
949 3537 1108 3604 videmus.
1153 3535 1220 3604 Sed
1257 3557 1330 3604 cum

264 3710 288 3772 1)
307 3705 343 3760 ci.
362 3705 438 3762 Cass.
456 3707 518 3762 Dio.
537 3707 666 3764 LXXVII
687 3711 716 3762 13
735 3711 763 3762 et
782 3711 823 3761 11.
850 3705 940 3775 Spart.
959 3720 986 3758 v.
1005 3703 1146 3760 Oarecnllu
1164 3719 1188 3760 c.
1207 3708 1234 3758 5.
1261 3703 1332 3759 Vide

172 3792 258 3849 etiam
275 3800 339 3846 acta
355 3792 391 3845 ir.
407 3793 472 3847 Ars.
491 3793 532 3848 ed.
551 3792 663 3847 Henaen
679 3809 707 3861 p.
727 3790 860 3846 CXCVII.

262 3881 288 3941 2)
313 3876 348 3932 ci.
367 3877 457 3947 Spart.
475 3895 500 3933 r.
519 3877 677 3932 Caracallus
702 3892 727 3932 c.
748 3881 822 3942 10‚t
846 3879 874 3930 et
896 3875 972 3930 Cass.
990 3875 1051 3931 Dio.
1069 3873 1207 3932 LXXVII.
1229 3905 1258 3914 -
1287 3873 1330 3930 ci.

170 3961 257 4019 etiam
274 3960 375 4027 Wirth,
394 3963 566 4032 quaestiones
583 3962 753 4018 Seuerianae.
780 3961 1042 4016 Diss.Bonn.1888.
1061 3977 1087 4030 p.
1102 3965 1143 4015 14.

263 4051 288 4113 3)
307 4047 343 4102 ci.
361 4047 389 4100 11
407 4051 471 4102 1661
493 4050 521 4102 et
538 4047 707 4116 Marqnardt,
726 4039 1167 4114 ‘Rom.Starcsve1-s.’1¹p.nss.
1186 4045 1249 4102 adn.
1262 4048 1287 4098 3.

262 4139 289 4201 4)
302 4133 338 4189 ci.
347 4129 492 4202 iung‘die
501 4133 691 4188 romanischen
701 4131 905 4188 Landsohulten
915 4131 962 4187 des
970 4122 1170 4188 romReiches’
1179 4133 1265 4199 p.340
1273 4145 1331 4198 sqq.

226 4228 342 4284 Leipziger
354 4226 457 4272 Studien.
474 4226 538 4271 XVI.
1162 4218 1178 4268 6
