3198 4974
276 379 336 438 128
696 378 878 450 Engolbertus
896 379 1006 448 Drernp

272 549 420 632 nosipsos
443 551 500 615 καὶ
523 551 605 635 περὶ
627 550 754 618 DAII:
777 553 835 616 καὶ
857 573 920 619 om.
943 552 1091 618 T(12“A“.
1137 556 1188 618 50.
1212 551 1294 639 ῥᾷον
1310 552 1437 618 DAII:

273 651 392 740 ῥᾴδιον
415 658 445 718 Γ
447 653 564 720 ΘαΛα.

358 757 410 821 Iix
437 757 582 822 orations
615 755 710 821 XVII
738 764 901 841 postremo
932 762 971 821 14
1000 759 1064 825 looi
1093 757 1279 841 offeruntur,
1320 758 1439 840 quibus

273 859 508 941 Dionysianum
542 859 711 941 exemplar
744 860 893 941 vulgatas
926 861 1083 926 Iaotionos
1117 860 1198 938 (soii.
1233 859 1356 926 oodiois
1385 861 1439 937 A)

272 961 405 1044 rooopit,
432 967 468 1026 nt
496 961 624 1025 omnino
653 964 691 1024 41
723 961 803 1026 loois
826 961 1020 1046 Dionysium
1048 981 1121 1028 oum
1143 961 1277 1044 vulgata
1299 967 1438 1026 stantem

271 1063 501 1147 percipiamus,
531 1063 585 1144 qui
616 1062 656 1124 87
687 1062 879 1128 lectionibus
908 1061 1031 1130 oodiois
1053 1063 1220 1130 Urbinatis
1248 1063 1438 1128 memoriam

273 1171 443 1248 soquator3
466 1165 621 1232 orationis
643 1169 752 1232 autom
774 1165 999 1247 Traponitioas
1021 1165 1176 1231 lectiones
1199 1163 1261 1230 has
1284 1170 1373 1230 sunt:

359 1267 454 1332 XVII
479 1271 506 1332 1.
530 1267 611 1347 περὶ
639 1273 699 1330 τοῦ
729 1264 774 1351 μὴ
804 1265 917 1330 δοκεῖν
943 1265 1030 1331 DA:
1058 1263 1103 1350 μή
1128 1285 1192 1332 om.
1214 1269 1251 1328 Γ.
1296 1268 1326 1330 2.
1350 1261 1439 1347 πρὸς

271 1365 351 1443 τοὺς
372 1367 461 1432 DA:
495 1366 538 1430 τὰ
571 1365 659 1450 πρὸς
690 1365 769 1444 τοδς
797 1371 833 1432 Γ.
879 1371 909 1432 2.
937 1364 1108 1432 τοσούτων
1135 1364 1317 1452 χρημάτων
1346 1363 1439 1432 DA:

272 1474 339 1532 τῶν
361 1469 540 1554 χρημάτων
565 1475 601 1534 Γ.
647 1472 676 1536 3.
701 1466 795 1546 ὅπως
816 1464 876 1548 (ὥς
898 1475 948 1548 Λ)
978 1463 1018 1532 ἀν
1048 1467 1198 1549 δύνωμαι
1230 1465 1439 1552 διηγήσομαι

272 1571 362 1637 DA:
396 1569 603 1657 διηγήσομαι
632 1578 668 1635 Γ.
713 1577 744 1636 4.
774 1565 844 1652 ἅμα
876 1568 947 1636 κατ’
979 1570 1069 1638 DA:
1104 1569 1175 1653 ἀμα
1208 1571 1266 1634 καὶ
1299 1565 1370 1633 κατ’
1401 1573 1438 1636 Γ.

273 1676 304 1740 6.
320 1669 428 1750 οὕτως
447 1673 510 1758 γὰρ
527 1672 616 1740 DA:
640 1670 727 1737 οδτω
750 1672 814 1757 γὰρ
836 1677 873 1740 Γ.
918 1675 947 1740 8.
973 1667 1201 1758 ὁμολογοῦντα
1216 1670 1305 1738 DA:
1327 1693 1439 1754 προσ-

273 1777 502 1860 ομολογοῦντα
530 1781 566 1842 Γ.
618 1779 648 1842 9.
672 1771 763 1860 αὖτῴ
790 1773 947 1860 μελήσειν
970 1775 1061 1842 DA:
1097 1771 1256 1859 μελήσειν
1287 1779 1377 1857 αυτῷ
1400 1777 1439 1838 Γ.

274 1881 304 1944 9.
330 1875 494 1942 διενοεῖτό
524 1871 556 1958 μ’
588 1878 767 1958 (διενοεῖτο
796 1875 854 1941 καὶ
877 1899 948 1962 oap.
971 1880 1025 1957 20)
1054 1873 1260 1959 ἀποστερεῖν
1288 1874 1330 1938 τὰ
1355 1872 1439 1958 χρή-

272 2001 362 2059 ματα
385 1978 420 2042 D
441 2008 482 2032 =
507 1979 671 2044 διενοεῖτο
702 1975 906 2062 ἀποστερεῖν
942 1977 985 2042 τά
1018 1975 1174 2063 χρήματα
1196 1983 1251 2042 A:
1283 1971 1437 2041 διενοεῖτ’

272 2073 478 2166 ἀποστερεῖν
500 2107 541 2163 με
565 2083 631 2144 τῶν
652 2078 833 2166 χρημάτων
856 2086 893 2146 Γ.
941 2086 991 2147 10.
1006 2077 1331 2162 προσπεπτωκότων
1347 2077 1439 2144 DA:

273 2183 572 2264 συμπεπτωκότων
589 2188 626 2250 Γ.
674 2189 722 2250 10.
740 2182 827 2268 πρὸς
843 2181 987 2267 σάτυρον
1003 2183 1092 2248 DA:
1116 2179 1203 2265 πρὸς
1219 2202 1282 2248 om.
1298 2185 1329 2244 Γ
1340 2181 1438 2256 (sisi).

275 2291 325 2352 10.
349 2281 525 2371 ἡγησάμην
547 2284 637 2353 DA:
661 2281 839 2372 ἡγησάμην
863 2279 953 2350 εἶναι
974 2289 1011 2352 Γ.
1058 2288 1108 2350 10.
1133 2281 1356 2367 ἀφικνοῦνταί
1378 2304 1440 2360 μοι

272 2379 541 2472 ἀπαγγέλλοντες
556 2388 632 2452 DA
646 2385 884 2474 (ἀφικνοῦνταί
904 2411 965 2470 μοι
980 2386 1013 2451 οῖ
1029 2379 1298 2469 ἀπαγγέλλοντες
1313 2384 1440 2458 Wolf.):
1468 2473 1471 2478 Ι

272 2486 496 2574 ἀφικνοῦνται
525 2486 795 2574 ἀπαγγέλλοντες
824 2494 862 2556 Γ.
909 2493 958 2554 12.
982 2485 1169 2573 ἐπεζήτουν
1191 2485 1282 2549 D=
1299 2483 1439 2571 ἐζήτουν

272 2597 324 2657 A:
347 2587 485 2676 ἀξήτουν
508 2596 545 2658 Γ.

359 2695 532 2778 Reliquum
555 2701 614 2778 ost,
637 2701 673 2760 nt
695 2695 736 2760 do
758 2695 799 2760 iis
821 2693 1013 2760 lectionibus
1035 2699 1160 2774 agatur,
1183 2691 1299 2774 quibus
1316 2691 1438 2772 Diony·

273 2797 339 2863 sius
355 2817 427 2864 aum
442 2797 601 2863 antidosis
616 2799 774 2862 momoria
788 2803 1002 2878 eomparatur,
1025 2813 1105 2877 quas
1120 2812 1253 2858 numero
1268 2793 1439 2877 panciores

273 2915 345 2964 esso
369 2917 407 2963 oo
429 2899 635 2966 manifestum
658 2905 717 2981 ost,
741 2898 827 2981 qnod
851 2917 893 2963 ex
914 2897 955 2962 iis
978 2897 1159 2961 orationum
1174 2895 1330 2980 partibus,
1353 2913 1438 2978 qnae

272 3000 306 3064 in
328 3001 468 3068 antidosi
490 3000 677 3082 afferuntur,
699 3000 854 3066 nonnulla
875 3005 998 3066 tantum
1022 2998 1122 3062 verba
1140 2997 1228 3080 apud
1244 2997 1438 3078 Dionysium

272 3099 406 3166 laudata
445 3111 528 3168 sunt.
578 3102 691 3168 Nihilo
724 3103 824 3168 setius
856 3121 974 3168 novom
1006 3101 1162 3167 lectiones
1202 3100 1438 3164 eonsentientes

274 3204 456 3268 enumerari
478 3213 629 3287 possunt:

359 3305 404 3370 IV
428 3310 478 3370 77.
502 3304 588 3388 ὑπὲρ
612 3312 674 3390 τής
696 3303 864 3386 πατρίδος
893 3301 1133 3389 ἀποθνήσκειν
1155 3300 1318 3366 ΠΘαΛαε
1348 3295 1437 3382 ὑπὲρ

272 3409 334 3489 τῆς
358 3404 491 3482 πόλεως
513 3402 752 3491 ἀποθνήσκειν
768 3409 839 3484 ΓΘ,
861 3402 948 3489 ὑπὲρ
971 3411 1031 3490 τῆς
1052 3401 1220 3486 πατρίδος
1242 3399 1438 3466 ἀποθανεῖν

273 3512 323 3571 Λ.
367 3511 419 3574 96.
443 3507 585 3594 ἔτλησαν
601 3508 748 3574 ΠΘαΛοι
762 3509 899 3586 (11ῐί8101
923 3505 1110 3594 ἐτόλμησαν
1134 3510 1165 3570 Γ
1165 3509 1245 3571 ΘΛ.
1289 3508 1341 3570 97.
1364 3503 1440 3568 δια-

274 3613 394 3686 κοσίας
431 3611 488 3675 καὶ
523 3611 635 3692 χιλίας
668 3610 829 3677 ΠΘαΛαε
864 3611 976 3692 χιλίας
1014 3613 1070 3674 καὶ
1108 3607 1288 3682 διακοσίας
1326 3609 1439 3673 ΓΘΛ.

273 3715 326 3777 97.
350 3709 521 3798 είάθησόν
537 3734 573 3794 γε
590 3710 679 3777 ΡΘα
694 3712 860 3799 (ίάθησάν
876 3735 913 3794 με
929 3712 1013 3792 A“):
1037 3735 1074 3796 ys
1091 3733 1152 3779 om.
1168 3715 1199 3774 Γ
1199 3711 1279 3775 ΘΛ.
1314 3713 1365 3776 98.
1381 3735 1440 3792 γε·

273 3818 444 3897 γενήσθαι
467 3814 628 3882 ΒΘαΛαι
651 3819 814 3898 γενέσθαι
835 3817 946 3879 ΓΘΛ.

360 3916 438 3984 VIII
453 3921 504 3984 43.
517 3913 683 4002 ἡμετέρας
696 3917 798 3984 ΒΘαε
822 3912 988 4001 ήμετίρας
1000 3912 1108 3980 αὐτῶν
1120 3920 1152 3979 Γ
1149 3913 1291 3980 AIIAa.
1325 3920 1376 3982 45.
1390 3916 1442 3982 εἲ-

273 4041 340 4102 περ
369 4021 459 4096 τινὲς
488 4017 753 4104 ἐξαμαρτάνοιεν
783 4018 944 4084 ΒΘαΛαε
979 4015 1011 4082 εἰ
1039 4012 1092 4101 (ἢν
1116 4019 1206 4096 ΛΠ)
1234 4021 1316 4098 περί
1345 4043 1443 4096 τινας

273 4119 495 4204 ἀξαμάρτοιεν
519 4127 550 4187 Γ
546 4127 631 4187 ΛΠ.
676 4124 727 4188 46.
753 4119 824 4206 ἰδίη
853 4117 1090 4201 λυμαινόμεθα
1106 4117 1141 4182 D
1163 4119 1244 4202 Pap.
1260 4145 1302 4169 =
1319 4115 1362 4182 δι’
1380 4117 1442 4198 οὓς
