3318 4970
309 381 348 439 14
668 443 671 449 ,
728 378 870 449 Augustus
886 379 1038 435 dbnemann

307 553 426 620 lenisse
449 551 588 635 videtur,
611 571 652 619 ex
676 553 791 635 quibus
814 553 900 620 Nero
923 554 1083 636 legionem
1106 553 1274 621 classicam
1297 556 1456 639 conscrip-

306 666 399 722 serat.
592 676 594 680 ⁴

391 757 583 824 Persuasum
605 757 702 839 igitur
720 755 824 823 habeo
840 756 1029 824 Suetonium
1051 762 1084 823 et
1098 756 1304 823 Plutarchum
1326 759 1457 826 minime

305 859 388 924 inter
410 877 445 924 se
468 858 662 943 discrepare,
685 859 739 941 qui
761 858 917 924 classiarii
932 879 952 924 a
967 858 1073 925 Galba
1088 857 1247 925 interfecti
1262 859 1334 926 sint.
1372 858 1457 940 Quin

306 961 403 1026 etiam
425 965 562 1044 excepto
585 959 642 1026 illo
664 959 748 1042 loco,
772 978 835 1042 qno
858 958 1081 1042 Plutarchum,
1111 977 1194 1042 quae
1218 959 1355 1029 dirersis
1377 963 1456 1030 locis

306 1063 339 1127 in
362 1062 450 1129 fonte
472 1082 530 1129 suo
546 1061 660 1128 Latino
684 1063 805 1146 scripta
827 1065 918 1127 erant
940 1060 981 1126 de
1004 1060 1159 1128 militibus
1175 1062 1358 1147 classiariis,
1382 1084 1456 1132 eon·

304 1164 427 1231 fudisse
449 1164 625 1246 statuimus,
648 1168 754 1230 tantus
777 1182 951 1232 cousensus
973 1164 1163 1247 scriptorum
1178 1171 1323 1249 apparet,
1345 1173 1380 1233 ut
1395 1165 1456 1234 hoo

305 1267 376 1332 loco
400 1285 454 1334 eos
477 1285 518 1332 ex
541 1265 655 1332 eodem
678 1266 766 1332 fonte
790 1263 935 1332 hausisse
950 1267 969 1344 ¹)
992 1267 1103 1348 negari
1127 1265 1184 1332 vix
1207 1267 1317 1351 possit.

389 1367 533 1452 Accedit,
557 1366 644 1450 quod
660 1368 757 1434 etiam
773 1367 915 1450 Tacitus,
938 1367 1028 1433 testis
1045 1367 1173 1433 illorum
1189 1375 1368 1452 temporum
1383 1391 1453 1454 gra·

305 1470 463 1552 vissimus,
487 1468 569 1534 nihil
592 1469 690 1535 tradit
704 1469 864 1552 legionem
880 1468 1017 1534 Neronis
1033 1469 1202 1536 classicam
1219 1490 1289 1538 esse
1304 1472 1454 1539 deletam.

305 1571 446 1638 Primum
470 1571 600 1656 quidem
623 1591 773 1652 magnum
797 1589 962 1635 numerum
980 1570 1148 1636 inermium
1166 1573 1220 1637 vel
1235 1573 1455 1642 innocentissi-

305 1693 426 1739 morum
450 1673 588 1739 militum
610 1693 631 1738 a
653 1671 758 1738 Galba
780 1672 972 1739 trucidatum
996 1691 1067 1739 esse
1090 1673 1123 1737 iu
1145 1674 1329 1741 universum
1357 1677 1455 1748 refert

305 1773 354 1840 his
383 1776 478 1842 locis:
518 1773 590 1840 hist.
613 1775 629 1839 Ι
652 1775 687 1838 b:
732 1772 881 1852 (Galbae)
910 1767 1125 1840 ‘introitus
1155 1775 1193 1840 in
1216 1777 1350 1843 urbem
1374 1784 1454 1845 tru-

304 1875 457 1942 cidatis
494 1882 553 1943 tot
590 1876 757 1942 milibus
795 1877 1003 1942 inermium
1036 1875 1212 1942 militum
1247 1879 1453 1947 infaustus

303 1967 463 2060 omiue',
494 1984 526 2043 et
554 1976 627 2044 hist.
648 1977 665 2042 Ι
688 1979 742 2042 37:
784 1977 913 2056 (Galba)
941 1971 1027 2062 ‘qui
1057 1979 1171 2045 nullo
1202 1988 1453 2064 exposcente

303 2078 930 2146 totmiliainnocentissimorum
952 2080 1129 2145 militum
1147 2075 1453 2150 trucidaverit'.

304 2181 430 2247 Deinde
453 2181 699 2264 diligentissime
722 2181 891 2264 distinguit
913 2182 995 2247 inter
1010 2181 1171 2264 legionem
1186 2183 1363 2269 classicam,
1387 2188 1407 2253 i.
1424 2206 1451 2253 e.

302 2283 438 2364 primam
451 2282 660 2365 Adiutricem,
688 2289 720 2348 et
734 2283 853 2348 milites
869 2283 1051 2349 classiarios
1067 2282 1118 2349 his
1134 2286 1243 2351 verbis
1259 2285 1344 2363 (hist.
1357 2288 1452 2365 131):

300 2375 479 2465 ‘legioni
501 2385 706 2452 classicae
727 2383 1008 2450 diffidebatur
1030 2385 1209 2452 infestae
1225 2387 1449 2455 obcaedem

302 2487 635 2570 commilitonum,
666 2507 764 2571 quos
794 2488 922 2571 primo
952 2488 1092 2554 statim
1123 2489 1297 2554 introitu
1326 2493 1452 2558 truci·

302 2587 475 2656 daverat
496 2581 653 2656 Galba'.
702 2589 796 2657 Unde
818 2595 907 2674 patet
928 2589 1075 2656 Tacitum
1099 2596 1248 2656 accurate
1271 2589 1452 2660 discernere

302 2691 383 2755 iuter
405 2692 566 2774 legionem
589 2692 757 2759 classicam
780 2698 812 2758 et
834 2692 916 2758 alios
931 2693 1123 2776 classiarios,
1147 2693 1201 2776 qui
1216 2693 1358 2762 nondum
1374 2696 1451 2779 legi·

302 2810 396 2858 onem
419 2790 608 2859 efficiebant.
1115 2853 1117 2857 .

387 2891 507 2972 Quibus
534 2896 710 2980 perspectis
739 2895 836 2978 plane
865 2895 1039 2961 absurdum
1069 2901 1119 2962 est
1146 2896 1324 2983 legionem,
1356 2917 1451 2982 quam

301 2995 388 3062 Nero
411 3015 429 3062 e
452 2997 556 3064 classe
579 2997 821 3082 conscripserat,
845 2996 970 3063 Galbae
993 2997 1122 3064 obviam
1137 2999 1235 3066 ivisse
1250 2997 1452 3066 contendere.

302 3099 384 3164 Nam
408 3119 479 3166 cum
502 3099 634 3165 Tacitus
656 3099 819 3182 ingentem
848 3119 1013 3165 numerum
1044 3101 1182 3166 militum
1211 3101 1352 3168 occisum
1382 3121 1452 3169 esse

300 3300 400 3356 videbis
425 3315 457 3354 ea
477 3299 561 3354 uerba
578 3313 612 3353 ex
630 3298 727 3354 ceteris
744 3299 783 3353 ita
801 3299 924 3366 eminere,
944 3302 974 3354 ut
995 3301 1034 3354 eis
1053 3300 1171 3370 scriptor
1188 3299 1318 3366 ordinem,
1336 3317 1390 3370 qno
1408 3317 1452 3356 res

300 3392 389 3454 gestas
402 3385 552 3455 perscribit,
565 3384 762 3455 interrumpere
775 3384 905 3450 videatur,
919 3401 980 3439 curn
992 3385 1055 3440 iude
1067 3401 1084 3440 a
1095 3385 1231 3455 particula
1242 3388 1291 3442 καὶ
1302 3401 1346 3442 res
1359 3386 1452 3442 ordine

300 3485 411 3526 narrare
428 3477 531 3539 pergat.
566 3471 655 3538 Quare
672 3469 747 3525 haud
764 3470 821 3526 scio
839 3486 874 3525 au
893 3484 925 3525 ea
940 3471 1043 3538 omnia,
1061 3475 1093 3526 ut
1110 3471 1250 3540 scriptoris
1269 3471 1451 3526 additamenta

299 3557 327 3610 in
345 3555 397 3609 hac
415 3557 571 3624 quaestione
590 3556 753 3624 neglegenda
770 3555 833 3610 sint.
852 3586 887 3597 -
905 3556 981 3624 Quae
999 3557 1022 3612 si
1040 3559 1114 3610 recte
1132 3556 1271 3625 disputata
1289 3563 1366 3622 sunt,
1384 3557 1451 3612 illud

299 3655 390 3696 rerum
414 3654 473 3695 esse
496 3641 584 3696 denuo
613 3639 788 3695 confirmatur
810 3641 987 3696 Plutarchum
1014 3640 1145 3696 eiusmodi
1167 3641 1255 3696 verbis
1284 3641 1451 3710 interpositis

300 3740 398 3781 causas
415 3740 506 3780 rerum
523 3740 578 3780 non
595 3725 674 3780 modo
693 3743 747 3781 non
764 3725 866 3796 optime
878 3725 1022 3795 explicare,
1041 3726 1089 3780 sed
1101 3725 1182 3780 ctiam
1201 3741 1282 3795 saepe
1294 3726 1451 3781 obscurare.

388 3814 411 3876 l)
428 3809 508 3864 Haud
526 3811 607 3864 semel
631 3812 836 3880 comprobatum
854 3818 895 3866 est
913 3810 1070 3866 Suetonium
1089 3814 1116 3864 et
1133 3809 1307 3865 Plutarchum
1326 3812 1452 3881 (itemque

300 3896 433 3962 Tacitum)
450 3895 478 3949 in
499 3895 580 3950 rebus
598 3896 755 3952 enarrandis
778 3897 892 3952 eundern
914 3899 1054 3950 auctorem
1079 3899 1189 3952 secutos
1213 3911 1286 3964 esse,
1312 3902 1343 3950 ut
1362 3897 1448 3967 primo

298 3998 315 4037 a
332 3983 389 4038 viro
402 3981 555 4036 doctissimo
568 3980 650 4034 Peter
667 3981 695 4034 in
706 3981 785 4047 libro,
804 3982 851 4051 qui
867 3981 1038 4037 inscribitur:
1053 3974 1117 4036 ‘Die
1135 3981 1246 4050 Quellen
1259 3981 1405 4038 Plutarcbs
1422 3985 1450 4038 in

298 4068 350 4122 den
373 4065 554 4135 Biographien
579 4065 628 4119 der
652 4059 765 4121 Rbmcr'
782 4082 809 4135 p.
825 4065 907 4134 taff,
936 4067 980 4120 cui
1006 4066 1086 4120 etiam
1110 4067 1261 4131 Mommsen
1287 4068 1450 4124 assentitur:

298 4152 388 4208 Herm.
408 4152 446 4207 lV
463 4166 489 4219 p.
502 4153 552 4207 323
572 4151 633 4206 adn.
648 4155 673 4208 3.
