3282 4968
813 1067 923 1135 PARS
945 1068 970 1134 Ι.

543 1236 589 1314 Α.
625 1235 685 1315 De
712 1237 852 1316 codicis
880 1234 1065 1315 Urbc'aatr's
1084 1235 1242 1332 familia.

628 1392 768 1461 (lodex
790 1392 967 1461 Urbinas
992 1394 1155 1456 111---Γ.

399 1530 575 1612 Postquam
590 1528 744 1596 Martinus
757 1532 780 1606 ¹)
802 1527 923 1595 codicis
946 1527 1112 1595 Urbinatis
1135 1525 1210 1593 CXI
1232 1527 1398 1595 historiam
1423 1529 1472 1595 di-

312 1634 452 1717 ligenter
473 1631 639 1714 tractavit,
663 1631 703 1696 H.
727 1631 981 1708 Buermannusll
1005 1635 1071 1696 tcto
1094 1628 1208 1696 codice
1230 1631 1471 1699 accuratissime

315 1753 453 1801 excusso
476 1733 510 1798 in
533 1733 601 1798 eius
624 1733 874 1799 correctionibus
897 1731 1120 1798 examinandIs
1149 1751 1306 1798 summum
1336 1753 1473 1800 acumen

312 1835 490 1920 praestitit,
520 1840 555 1899 ut
577 1833 730 1900 iudicium
759 1834 801 1900 do
823 1835 864 1902 iis
885 1834 1005 1900 factum
1034 1853 1106 1901 esse
1136 1833 1294 1900 videatur.
1339 1835 1472 1918 ipsein

314 1937 377 2004 hcc
392 1937 504 2005 codice
519 1936 769 2020 pervestigando
784 1937 955 2003 nonnullos
968 1935 1038 2003 dics
1050 1941 1195 2002 versatus
1212 1938 1359 2022 cognovi,
1376 1957 1472 2020 quam

314 2037 439 2106 difficili
461 2057 592 2105 munere
615 2039 835 2106 Buermannus
858 2039 984 2106 iunctus
1006 2039 1057 2105 sit.
1102 2038 1209 2122 Atque
1231 2033 1264 2104 in
1287 2041 1473 2107 universum

313 2141 517 2207 Buermanno
540 2141 707 2225 assentior,
731 2161 926 2226 quamquam
949 2139 1139 2207 difficultate
1156 2142 1311 2208 materiae
1326 2141 1474 2210 conside·

313 2249 385 2310 rata
407 2243 464 2310 vix
487 2243 635 2310 omnibus
657 2243 737 2310 locis
760 2263 833 2310 mec
856 2243 976 2310 iudicio
1000 2244 1045 2308 uti
1067 2263 1208 2326 possum.

400 2344 506 2412 Unum
529 2344 630 2412 addo:
654 2345 875 2413 Buermannus
899 2351 1093 2413 correctores
1118 2343 1151 2408 lb
1166 2347 1232 2411 et2
1251 2345 1340 2411 aliud
1363 2365 1473 2413 exem·
1542 2417 1544 2420 ,

315 2448 404 2532 plum
427 2449 487 2514 etsi
510 2467 582 2514 cum
605 2447 760 2515 Urbinate
783 2448 944 2515 artissime
969 2449 1174 2514 coniunctum
1195 2447 1383 2515 adhibuisse
1406 2449 1472 2515 col-

314 2550 395 2636 legit
417 2569 458 2616 ex
482 2548 741 2616 emendationum
764 2556 887 2633 natura,
911 2549 1027 2633 quibus
1049 2549 1170 2632 ubique
1191 2550 1260 2616 fere
1278 2569 1389 2616 veram
1405 2549 1474 2617 Iso·

315 2653 412 2719 cratis
440 2671 569 2717 manum
598 2651 778 2718 restitutam
808 2671 880 2719 esse
908 2658 1027 2719 censet.
1077 2650 1143 2717 Sed
1173 2657 1368 2720 correctores
1399 2653 1474 2720 illos

315 2754 349 2818 in
377 2753 486 2820 verbis
515 2755 672 2837 corruptis
702 2753 906 2839 expoliendis
935 2753 1024 2820 aliud
1054 2755 1221 2837 exemplar
1249 2753 1370 2821 adiisse
1398 2775 1473 2822 con·

316 2854 432 2923 cedere
454 2874 517 2921 uon
543 2876 684 2939 possum.
729 2857 926 2939 Argumenta
956 2862 1027 2922 utor
1056 2857 1128 2922 loco
1157 2857 1311 2923 orationis
1340 2863 1474 2934 „contra

315 2957 498 3042 sophistas“
520 2961 539 3036 t
565 2960 619 3042 18,
649 2959 703 3024 ubi
731 2964 890 3026 corrector
914 2955 946 3022 1¹³
968 2958 1010 3025 ad
1033 2961 1166 3025 verbum
1191 2979 1221 3042 q.
1245 2979 1273 3026 e.
1296 2958 1417 3036 τελέως
1440 2961 1473 3026 in

315 3060 459 3143 margine
481 3056 519 3124 τὸ
543 3061 671 3125 τέλειον
699 3060 842 3144 addidit,
873 3061 960 3145 quod
983 3082 1025 3129 ex
1049 3063 1209 3128 communi
1232 3063 1385 3146 vulgatae
1407 3083 1472 3129 me·

315 3163 419 3229 moria
433 3169 595 3248 sumptum
612 3169 669 3230 est.
701 3163 767 3230 Sed
783 3184 854 3230 cum
871 3164 1035 3231 Urbinatis
1051 3163 1260 3248 archetypum
1277 3185 1350 3230 cum
1366 3183 1469 3231 exem-

315 3265 399 3348 plari
429 3265 586 3348 quodam,
621 3265 708 3349 quod
737 3266 779 3332 ad
809 3267 974 3349 vulgatam
1002 3267 1135 3351 propius
1164 3266 1291 3334 accedit
1320 3267 1471 3334 collatum

314 3367 414 3434 fuisse
444 3387 485 3432 ex
515 3369 623 3434 verbis
652 3369 756 3452 prima
783 3389 879 3434 manu
911 3369 1027 3436 litteris
1056 3369 1236 3436 uncialibus
1264 3370 1297 3435 in
1326 3369 1473 3454 margine

314 3467 487 3552 adscriptis
510 3470 728 3553 concludatur,
753 3469 836 3537 hanc
851 3490 979 3554 quoque
997 3473 1187 3538 varietatem
1202 3472 1245 3538 ad
1260 3470 1473 3556 archetypum

316 3569 422 3652 ipsum
444 3569 566 3654 refero,
593 3572 626 3636 in
649 3591 712 3655 quo
736 3591 808 3638 eam
831 3573 864 3637 in
887 3574 1031 3656 margine
1054 3573 1241 3640 adnotatam
1263 3575 1363 3640 fuisse
1385 3580 1474 3658 puto.

404 3722 428 3784 t)
445 3718 484 3773 M.
503 3720 599 3775 Albert
616 3721 731 3775 Martin:
756 3721 797 3776 Le
818 3722 968 3777 manuscrit
991 3721 1141 3777 d'lsocrate
1165 3721 1284 3778 Urbinas
1307 3721 1367 3777 (llll
1392 3721 1426 3777 de
1448 3722 1477 3776 la

315 3803 460 3859 Vaticana.
479 3804 653 3875 Description
671 3812 698 3861 et
715 3807 836 3863 histoire.
867 3807 1020 3862 Recensicn
1033 3809 1069 3862 du
1081 3805 1276 3877 Panegyrique.
1306 3807 1475 3864 Paris1881.

314 3888 348 3942 ln
366 3889 550 3958 ephemeride:
568 3891 758 3963 Bibliothdque
776 3893 823 3948 des
842 3893 932 3949 eccles
950 3891 1100 3961 franpaises
1119 3891 1269 3948 d'Athlnes
1287 3897 1314 3948 et
1332 3892 1475 3960 battoma,

314 3972 447 4030 fascicula
464 3976 711 4045 vingt-quatrieme.

401 4064 427 4127 2)
444 4061 480 4118 H.
499 4063 666 4118 Buermann:
692 4063 744 4119 llic
766 4063 1011 4119 handschriitlichc
1034 4053 1241 4133 l'lberlieferung
1264 4064 1311 4120 des
1329 4064 1474 4119 Isocrates.

316 4143 352 4202 Il.
371 4144 429 4202 Der
446 4147 565 4204 Urbinas
583 4149 639 4204 und
656 4149 730 4205 seius
747 4149 995 4206 Verwandtschaft.
1031 4149 1123 4204 Berlin
1143 4153 1216 4204 1886.
