3134 4986
310 399 372 458 ³68
766 399 892 466 nugatus
909 399 1024 454 Martini

314 575 450 648 Θέωνος
462 563 708 655 Ἀλεξανδρέως
722 565 949 657 ὑπομνήματα
966 569 1014 648 εἰς
1027 567 1087 654 τὴν
1102 570 1322 654 Πτολεμαίου
1334 565 1477 658 ‘Madu-

315 670 459 758 ματικὴν
483 664 651 749 adnando?
663 700 674 754 ‚-
695 663 891 738 Εὖσταθίου
914 669 1137 756 ὑπομνήματα
1160 670 1209 748 εἷς
1229 670 1414 738 Διονύσιον
1434 676 1478 738 in·

311 798 400 843 num.
418 777 483 853 al).
507 776 593 858 llrgo
606 774 761 842 Dorothei
773 777 850 842 libri
861 777 1028 859 inscriptio
1040 775 1168 842 Graeca
1179 774 1260 842 haee
1271 773 1349 840 fuit:
1365 778 1478 858 Δωρο

313 880 397 942 dccv
409 877 475 942 τῶν
483 870 669 942 ”Φυσικυῖν’
683 869 1002 957 τῶνἍριυτοτέλους
1014 873 1175 964 ἐξήγησις.
1188 876 1268 954 Cum
1280 884 1478 962 quaconten·

312 980 373 1047 das
391 979 532 1046 indicem
546 979 775 1064 Hipparcheae
792 981 975 1062 scriptionis
991 999 1094 1064 nuper
1108 1000 1129 1044 a
1142 979 1277 1045 Manitio
1293 981 1479 1063 evulgatae:

310 1077 496 1164 Ἱππάρχου
525 1083 592 1144 τῶν
612 1075 756 1165 Ἀράτου
784 1081 840 1145 καὶ
864 1078 1011 1157 Εὐδόξου
1037 1075 1286 1162 ‘correptum'
1319 1077 1478 1168 ἐξήγησις.

407 1184 567 1262 Quoniam
598 1203 662 1266 quo
689 1184 849 1250 vocabulo
871 1183 998 1250 Graeco
1021 1183 1151 1248 barbari
1173 1183 1358 1267 interpretis
1377 1177 1480 1250 ‘com-

314 1284 473 1354 mentum’
503 1285 701 1368 respondeat
730 1287 886 1367 eruimus,
921 1291 1014 1351 extra
1036 1284 1245 1352 dubitationis
1267 1287 1375 1352 aleam
1397 1286 1480 1369 posi·

313 1398 381 1454 tum
413 1394 461 1455 ast
490 1408 587 1471 quem
614 1387 657 1453 ad
686 1386 818 1453 modum
845 1386 974 1453 Gemini
1002 1385 1132 1453 libellus
1155 1387 1280 1454 Graece
1308 1387 1480 1472 inscriptus

313 1489 423 1558 inerit.
457 1491 524 1556 Aut
545 1487 641 1554 fallor
662 1495 718 1554 aut
740 1489 796 1554 ille
819 1490 853 1554 in
874 1486 979 1554 fronte
1001 1486 1087 1553 huno
1102 1489 1203 1571 gessit
1218 1491 1361 1556 titulum:
1386 1494 1480 1571 Γεμί-

314 1617 372 1657 υου
395 1594 462 1658 τῶν
485 1589 719 1656 Ποσειδωνίου
743 1591 824 1675 περὶ
845 1595 1023 1672 μετεώρων
1046 1586 1209 1675 ἐξήγησις.
1248 1590 1350 1658 Vides
1374 1592 1480 1659 Gemi-

313 1696 404 1761 niani
433 1695 537 1760 libelli
566 1693 707 1760 indicem
736 1713 868 1776 prorsus
895 1693 940 1760 ad
970 1693 1107 1758 eandam
1129 1693 1286 1759 rationem
1309 1691 1480 1758 formatum

315 1817 388 1864 esse
418 1797 461 1863 ad
490 1815 588 1880 qnam
617 1795 771 1861 librorum
795 1794 953 1862 Dorothei
985 1784 1018 1861 et
1039 1793 1221 1878 Hipparchi
1243 1795 1480 1877 inscriptiones.

315 1898 472 1976 Quaestio
505 1900 571 1962 iam
601 1898 803 1963 subnascitur
831 1897 874 1962 ad
902 1898 1054 1963 vivumne
1077 1896 1165 1980 quod
1186 1898 1277 1962 aiunt
1298 1915 1480 1962 resecemus

315 2000 504 2066 Geminiani
526 1999 630 2065 libelli
645 2019 742 2081 quam
758 1997 943 2064 Priscianus
958 1999 1095 2081 largitur
1110 1999 1353 2082 inscriptionem
1370 2017 1480 2080 necne,

317 2102 372 2167 vel
403 2107 439 2167 ut
471 2101 615 2185 apertius
645 2101 776 2183 loquar,
804 2099 971 2166 Posidonii
1000 2100 1254 2167 lucubrationem
1276 2119 1364 2183 quae
1383 2094 1480 2183 ‘napi

316 2194 508 2284 paradpwu’
527 2203 682 2286 inscripta
697 2207 766 2267 erat
780 2221 823 2266 an
838 2201 938 2266 aliam
953 2201 1098 2268 eiusdem
1114 2203 1255 2268 auctoris
1271 2204 1480 2286 scriptionem

316 2303 560 2387 meteorologici
583 2303 763 2386 argumenti
785 2302 960 2370 aGemino
983 2310 1165 2370 enarratam
1187 2307 1423 2372 commentario
1438 2312 1481 2371 at·

316 2426 380 2489 que
403 2407 606 2471 inlustratam
629 2425 700 2470 essa
723 2410 880 2488 putemus.
916 2403 1012 2483 Quod
1027 2407 1055 2472 si
1070 2413 1231 2474 constaret
1246 2408 1375 2473 titulum
1391 2409 1480 2472 illum

316 2528 412 2591 quem
437 2507 571 2573 exhibet
592 2506 702 2590 Lydus
725 2527 746 2572 a
767 2506 906 2573 Gemino
928 2508 1012 2574 libro
1034 2529 1092 2575 suo
1115 2509 1301 2592 impositum
1323 2527 1409 2591 esse,
1432 2528 1479 2574 res

316 2611 408 2676 nulla
434 2608 669 2692 disceptatione
692 2608 862 2691 indigeret.
907 2609 977 2677 Nec
998 2631 1076 2676 varo
1099 2616 1234 2676 constat.
1278 2608 1480 2693 Quicumque

317 2713 404 2777 enim
428 2718 552 2778 ceteros
575 2731 596 2775 a
618 2711 784 2776 Prisciano
807 2711 1030 2795 suppeditatos
1053 2713 1289 2796 contemplatus
1308 2714 1371 2778 erit
1385 2714 1479 2779 libro·

317 2834 388 2880 rum
411 2813 532 2894 titulos,
554 2813 644 2877 facili
666 2831 767 2894 opera
788 2813 970 2895 perviderit
992 2834 1047 2880 eos
1062 2814 1180 2898 partim
1196 2833 1310 2896 parum
1326 2814 1479 2880 adcurate

318 2935 489 3000 expressos
512 2934 599 2981 esse:
621 2912 782 2978 interdum
806 2915 890 2978 enim
908 2915 1091 2982 Priscianus
1110 2921 1161 2982 sat
1176 2914 1276 2980 habet
1290 2921 1480 2998 argumenta

317 3018 473 3082 librorum
496 3016 668 3081 indicasse.
706 3012 755 3080 cf.
778 3036 829 3081 ex.
846 3037 893 3098 gr.
912 3017 1035 3083 indices
1052 3018 1206 3084 librorum
1221 3017 1409 3084 Aristotelis
1425 3017 1480 3084 hos

319 3113 362 3202 [p.
380 3121 417 3180 41
423 3167 431 3202 ,
442 3119 480 3182 18
490 3136 559 3200 sqq.
573 3111 692 3201 Byw.]:
708 3110 909 3184 ‘actionibus
924 3119 1108 3185 Aristotelis
1127 3118 1175 3185 de
1190 3117 1367 3202 physica
1379 3168 1386 3184 .
1450 3125 1482 3185 et

317 3216 566 3301 μετεώρων,
611 3219 705 3285 Unde
734 3219 856 3303 ambigi
877 3225 985 3304 potest
1006 3241 1082 3286 uum
1104 3221 1314 3287 Geminianus
1337 3221 1424 3286 liber
1444 3240 1482 3286 ea

318 3322 528 3404 inscriptione
563 3327 693 3386 ornatus
726 3319 823 3387 fuerit
855 3341 951 3405 quam
983 3322 1072 3406 apud
1101 3321 1301 3389 Priscianum
1331 3323 1481 3406 legimus.

319 3423 385 3489 Sed
416 3421 498 3488 nihil
526 3441 608 3506 opus
631 3429 680 3488 est
701 3421 855 3489 hariolari
877 3429 932 3490 aut
954 3425 1129 3508 suspicari,
1158 3425 1214 3490 ubi
1236 3425 1419 3491 certissima
1442 3424 1482 3490 de

318 3525 538 3592 controversia
561 3526 753 3592 constituere
776 3525 861 3590 licet.
1339 3527 1342 3536 ’

405 3626 644 3708 Inspiciendum
665 3621 888 3692 ‘Solutionum
911 3626 955 3692 ad
978 3623 1157 3694 Ghosroen'
1182 3648 1253 3710 cap.
1275 3627 1330 3692 IV.
1377 3628 1482 3712 Argu·

319 3733 462 3792 mentum
495 3727 577 3795 inibi
611 3731 818 3812 explanatum
851 3729 956 3812 primo
990 3730 1155 3796 enuntiato
1182 3729 1345 3795 indicatur
1368 3731 1414 3814 (p.
1432 3731 1482 3813 63,

319 3831 361 3892 24
373 3830 472 3912 sqq.):
492 3832 544 3895 'et
567 3827 628 3894 hoc
650 3829 895 3895 deliberandum
911 3849 1012 3914 quare
1027 3851 1086 3915 per
1101 3829 1354 3914 unumquodque
1370 3833 1481 3899 clima-

320 3937 387 3995 tum
410 3931 474 3996 sint
494 3930 560 3995 IIII
582 3932 808 3998 conversiones
830 3933 945 3999 solaris
967 3935 1060 4016 anni,
1084 3933 1223 3999 vernalis
1246 3941 1279 4000 et
1300 3935 1432 4000 aestiva
1452 3941 1483 4000 et

320 4032 499 4098 autumalis·
527 4037 559 4097 et
592 4031 757 4100 hiemalis:
790 4040 823 4100 ct
856 4033 906 4100 his
936 4035 970 4100 in
998 4055 1063 4100 una
1090 4033 1296 4102 distinctione
1325 4037 1481 4120 temporis

320 4130 425 4216 iactis,
453 4133 520 4198 diei
543 4139 575 4199 et
596 4135 700 4201 noctis
721 4135 911 4218 magnitudo
934 4141 967 4202 et
989 4136 1132 4204 brevitas
1155 4141 1187 4201 et
1208 4136 1292 4202 aeris
1314 4138 1482 4218 perturba·
