3318 4970
329 395 387 458 ι’70
763 400 902 469 Augustus
920 396 1072 453 Junemaun

346 572 449 657 XIII,
472 572 531 640 sed
546 573 684 656 legionis
699 573 724 638 Ι.
741 573 879 656 primum
901 571 1123 655 magistratum
1145 569 1293 636 obtinuit.
1327 569 1502 636 Praeterea

346 694 418 741 cum
448 693 521 742 cam
550 675 693 759 tegulam
715 675 815 758 Apuli
842 679 1003 758 repertam
1033 691 1104 738 este
1132 671 1265 738 minime
1287 677 1421 755 constet,
1450 690 1502 737 ac·

348 776 580 860 quiescendum
597 782 645 843 est
659 777 693 841 in
709 796 758 859 eo,
781 774 869 859 quod
884 775 1041 857 legiones,
1064 793 1198 857 quarum
1214 773 1340 838 numeri
1355 773 1501 856 inscripti

345 885 429 961 sunt,
458 879 581 946 alicubi
609 879 643 944 in
666 877 770 945 Dacia
796 874 947 944 aedificia
974 877 1127 943 militaria
1148 875 1335 942 coniunctas
1359 874 1501 941 erexisse

345 980 507 1047 videntur.

433 1082 547 1165 Itaque
576 1087 612 1147 ut
639 1081 673 1147 in
700 1100 806 1164 pauca
835 1099 991 1146 summam
1021 1077 1251 1162 disputationis
1273 1096 1399 1161 cogam,
1429 1085 1503 1160 post

345 1183 435 1250 bella
457 1183 582 1250 Dacica
603 1183 690 1266 legio
712 1181 932 1265 Apulensibus
954 1182 1067 1249 castris
1089 1180 1242 1266 imposita
1265 1186 1314 1246 est
1325 1183 1364 1262 1);
1391 1178 1499 1245 simul·

348 1293 445 1369 atque
460 1291 569 1352 autem
584 1284 786 1369 provinciam
806 1284 947 1367 reliquit,
970 1285 1003 1350 in
1026 1284 1096 1350 eius
1111 1285 1217 1350 locum
1232 1281 1395 1364 legionem
1410 1279 1500 1346 XIII.

349 1387 520 1454 Geminam
542 1387 736 1454 successisse
758 1386 828 1451 veri
850 1391 900 1452 est
921 1386 1065 1463 simile.²)

432 1559 456 1619 1)
473 1553 536 1608 Huc
554 1555 671 1608 tortasse
688 1552 846 1608 referendus
863 1558 905 1606 est
922 1552 1021 1607 titulus
1041 1550 1207 1606 centurionis
1225 1557 1263 1613 (n.
1280 1554 1348 1614 134),
1365 1547 1413 1616 qui
1429 1550 1457 1602 et
1473 1547 1502 1600 in

344 1639 451 1707 legione
471 1637 549 1694 XIII.
574 1637 688 1692 Gemina
709 1641 738 1691 et
758 1637 788 1691 in
810 1637 916 1705 legione
938 1635 961 1690 Ι.
986 1636 1127 1692 AdIutrice
1150 1634 1286 1705 stipendia
1312 1631 1424 1694 mernit;
1452 1631 1501 1686 sed

346 1723 468 1786 dublum,
484 1723 513 1776 in
531 1727 595 1776 utra
611 1722 718 1790 legione
735 1721 789 1775 vite
806 1721 922 1776 donatus
940 1721 983 1776 sit.

449 1811 475 1874 2)
494 1807 561 1862 Cum
574 1806 678 1860 Daciae
695 1805 749 1860 illis
766 1804 934 1874 temporibus
951 1807 1069 1873 legatum
1085 1804 1251 1875 praetorium
1268 1801 1423 1871 praefuisse
1435 1817 1500 1856 con-

346 1894 403 1948 stet
419 1891 467 1958 (cf.
485 1890 655 1960 Marquarct,
668 1883 760 1944 ‘Rom
774 1882 957 1945 suatavam?
974 1890 1010 1944 1².
1028 1906 1054 1959 p.
1068 1893 1204 1945 sos-soe
1221 1893 1250 1943 et
1267 1905 1295 1957 p.
1309 1891 1359 1943 soe
1378 1886 1442 1941 adn.
1456 1889 1501 1951 a),

344 1991 429 2030 unam
453 1976 539 2032 solam
561 1975 693 2044 legionem
715 1979 773 2029 tum
794 1975 950 2044 provinciae
972 1975 1107 2044 pracsidio
1123 1973 1279 2044 impositam
1297 1985 1357 2028 esse
1374 1975 1499 2040 apparet.

346 2060 456 2114 Etenim
479 2061 542 2115 si‘a
564 2060 670 2115 duabus
694 2060 844 2128 legionibus
868 2061 948 2114 simul
970 2059 1082 2115 detensa
1099 2065 1180 2124 esset,
1204 2059 1296 2114 avito
1315 2056 1453 2112 consulari
1470 2060 1501 2110 ut

344 2151 443 2214 posteo
460 2146 507 2208 (cl.
520 2145 660 2214 Borghesi,
674 2137 787 2199 ‘oeuru‘
800 2145 874 2200 VlII.
886 2161 914 2212 p.
928 2149 987 2198 etr.
999 2175 1034 2184 -
1047 2143 1079 2199 O.
1090 2143 1257 2208 Hirschfeld,
1270 2137 1501 2212 ‘Epigrcpbiscbe

346 2229 482 2286 Nachlese
499 2246 561 2285 num
580 2229 660 2298 Oorp.
679 2229 765 2284 Inscr.
785 2228 848 2284 Lat.
865 2228 917 2283 vol.
930 2229 979 2284 III.
998 2243 1049 2283 aus
1067 2228 1171 2283 Ducien
1188 2245 1217 2282 u.
1234 2219 1366 2282 Moesien'
1383 2225 1501 2281 vindob.

348 2317 424 2369 istc.
441 2331 471 2384 p.
487 2317 537 2380 10),
555 2329 610 2369 non
627 2329 645 2367 u
662 2314 800 2381 praetorio
817 2313 875 2381 regi
886 2313 980 2368 debuit
992 2317 1025 2377 (v.
1038 2331 1066 2383 p.
1080 2317 1120 2368 ts.
1134 2313 1197 2369 adn.
1212 2316 1244 2379 1).
1270 2312 1361 2380 Quare
1371 2311 1502 2380 legionem

344 2397 420 2454 XIlL
440 2399 580 2454 Geminam
603 2415 659 2454 non
680 2403 744 2468 post
765 2399 827 2466 ipsu
849 2397 921 2452 bella
943 2397 1047 2452 Dacico
1071 2398 1107 2464 (iel
1131 2398 1204 2465 quod
1226 2400 1307 2466 putet
1323 2396 1357 2450 Ε.
1376 2396 1503 2450 Schultze

342 2483 363 2538 l.
381 2482 399 2538 l.
418 2501 445 2553 p.
463 2487 576 2550 tte-cs)
599 2483 628 2538 iu
650 2484 790 2553 provincia
812 2483 899 2537 Dacia
924 2483 1085 2538 collocatum
1112 2497 1173 2538 esse
1193 2483 1318 2552 equidem
1339 2495 1503 2551 persuasum

343 2567 442 2632 habeo,
466 2568 514 2623 sed
535 2569 621 2624 multo
644 2568 700 2623 veri
723 2573 766 2622 est
788 2567 901 2622 similius
924 2581 983 2622 eam
1000 2583 1072 2624 suno
1095 2572 1151 2622 too.
1171 2570 1263 2622 castra
1280 2566 1504 2622 vindobonensia

344 2651 381 2705 ad
399 2652 500 2706 bellum
512 2652 645 2709 Dacicum
663 2653 848 2722 protecturum
864 2651 1004 2721 reliquisse
1022 2658 1103 2723 utque
1120 2655 1185 2722 post
1201 2651 1274 2707 bellu
1287 2650 1418 2706 Decebali
1436 2665 1502 2705 con·

344 2735 419 2790 fecta
436 2751 468 2791 eo
485 2738 641 2792 revertisse.
670 2736 707 2792 cf.
720 2755 747 2808 p.
761 2742 795 2792 tc
812 2737 873 2792 adn.
889 2743 911 2792 l.
