3198 4974
296 380 360 438 202
773 378 837 434 Otto
854 379 983 436 Bookselr

296 553 394 619 homo
412 553 469 619 illo
491 551 650 636 plebeius,
674 552 726 619 oui
748 553 895 636 luppiter
916 554 951 618 in
973 553 1099 620 somnio
1121 553 1211 621 visus
1234 571 1307 620 esse
1328 552 1465 636 dieitur,

294 677 315 722 a
343 654 518 722 Plutarcho
547 661 580 722 et
607 653 767 737 Dionysio
793 646 975 731 ‘Aavtvog‘
1007 659 1159 736 vocatur,
1195 674 1268 720 oum
1290 674 1312 720 a
1340 654 1464 720 ueteris

295 756 506 840 scriptoribus
524 763 581 822 aut
592 746 760 822 ‘Latinius'
780 757 811 822 oi
825 763 883 822 aut
897 758 998 838 aliud,
1021 755 1109 840 quod
1125 755 1158 820 in
1180 756 1305 822 litteras
1325 745 1459 822 ‘—ius'

298 858 435 941 desinat,
458 877 573 926 nomen
595 857 734 924 inditum
760 859 811 925 sit.
826 861 846 936 ¹)

383 960 505 1044 Restat,
529 967 564 1026 ut
586 959 677 1026 aliud
700 959 867 1044 quoddam
889 968 1129 1044 argumentum,
1154 981 1217 1045 quo
1240 959 1462 1044 confirmatur,

297 1060 380 1128 duos
409 1081 430 1126 a
452 1060 626 1128 Plutarcho
656 1062 762 1129 loutes
785 1063 818 1127 in
840 1083 939 1129 unum
961 1064 1067 1130 risum
1090 1062 1266 1130 oonduotos
1289 1082 1379 1145 esse,
1409 1081 1464 1128 re·
1584 1121 1585 1140 ,

297 1169 446 1248 petamus
470 1167 654 1246 exuap.3
677 1184 763 1230 eum
780 1169 819 1230 15
835 1167 1070 1232 eoniunoto.
1104 1165 1206 1232 Plut.
1230 1164 1316 1232 Gor.
1341 1184 1422 1249 oap.
1442 1167 1463 1229 3

297 1266 791 1350 deOoriolaniprimitiis
809 1269 1044 1334 militiaoin
1066 1286 1202 1351 pugna
1225 1267 1463 1350 Regillensi

297 1369 461 1435 moritis
490 1367 718 1435 historiola
739 1370 885 1436 refertur.
930 1367 1036 1448 Quam
1058 1369 1099 1434 Η.
1116 1369 1213 1436 Peter
1235 1370 1349 1455 (p.17)
1372 1371 1461 1436 eius·

298 1490 362 1555 quo
383 1470 540 1538 iudioium
570 1470 665 1554 quasi
693 1490 785 1537 suum
808 1470 915 1538 denuo
942 1470 1110 1555 proferens
1132 1471 1175 1537 ll.
1191 1473 1320 1539 Korber
1344 1477 1388 1557 (p.
1406 1475 1466 1546 38)

298 1573 467 1656 usquein
497 1572 648 1656 Dionysii
677 1573 923 1657 antiquitatibus
953 1593 1059 1658 neque
1088 1574 1130 1641 ab
1159 1575 1226 1642 alio
1256 1576 1323 1641 ullo
1352 1594 1463 1642 rerum

298 1674 457 1758 scriptore
485 1675 622 1740 relatum
652 1676 790 1758 reperiri
811 1674 993 1742 adfirmant.
1038 1676 1082 1742 At
1110 1675 1173 1744 hoo
1194 1677 1241 1742 ita
1263 1683 1314 1744 est
1335 1697 1462 1759 verum,

298 1783 334 1841 nt
356 1777 479 1842 maiore
503 1796 545 1843 ex
567 1783 659 1860 parte
682 1777 800 1844 falsum
822 1779 875 1844 sit.
920 1779 1070 1862 Namque
1087 1779 1210 1862 fugisse
1226 1778 1356 1845 videtur
1371 1780 1463 1846 viros

300 1877 414 1945 dootos
437 1877 570 1944 easdem
592 1899 645 1945 res
669 1885 789 1962 gestas,
812 1882 962 1964 quamvis
985 1889 1075 1948 oerta
1097 1881 1240 1965 quadam
1262 1901 1373 1965 pugna
1394 1901 1462 1948 non

298 1978 425 2061 adlata,
455 1980 543 2063 apud
567 1981 759 2065 DionysIum
783 1982 876 2066 VIII,
910 1986 950 2048 29
980 1984 1023 2049 ab
1052 1984 1124 2067 Ipso
1147 1983 1320 2051 Coriolano
1342 1983 1463 2066 legatis

300 2087 432 2148 senalus
454 2081 594 2148 Romani
622 2083 840 2167 respondente
871 2085 1023 2154 desoribi.
1067 2087 1117 2154 Ao
1146 2088 1174 2153 si
1197 2087 1270 2170 quis
1292 2086 1464 2169 utriusque

299 2181 342 2248 de
365 2182 427 2250 hae
449 2203 485 2249 re
507 2184 681 2252 relationes
705 2188 885 2268 contulerit,
912 2207 977 2254 non
999 2190 1065 2255 iam
1089 2188 1261 2270 dubitabit,
1284 2187 1363 2271 quin
1384 2187 1462 2252 Plu·

300 2284 430 2352 tarohus
458 2283 502 2350 ad
524 2284 747 2369 DionysIauao
776 2290 945 2372 exemplar
973 2311 1065 2358 suam
1088 2291 1306 2358 narrationem
1329 2308 1463 2372 oompo·

302 2388 411 2454 suerit.
456 2387 539 2452 Mtra
562 2387 647 2453 enim
671 2397 720 2456 est
742 2391 937 2458 similitudo:

414 2489 509 2556 Dion.
533 2490 611 2556 VIII
633 2493 685 2574 29,
709 2497 743 2558 4:
1039 2495 1123 2562 Plut.
1149 2498 1234 2578 (420,
1258 2497 1306 2574 6):

299 2589 469 2678 πρώτην
503 2588 855 2680 ἐστρατευσάμην
905 2585 1467 2682 Ἐστρατεύσατσόὲπρώτην
1585 2589 1586 2594 ’

301 2693 447 2771 'diodor
475 2696 630 2784 κομιδῇ
663 2700 755 2772 νέος
784 2690 855 2777 ὧν,
909 2703 1139 2786 στρατείαν
1161 2696 1466 2782 ἕτεμειράκιαν

300 2790 445 2864 ὅτε...
907 2793 1147 2880 dudm...

301 2898 348 2965 ἐκ
380 2898 559 2988 ταύτης
592 2903 671 2989 τῆς
703 2897 855 2986 μάχης
907 2895 1466 2989 ν.12τἘνταύτητῇμάχῃ....

302 2999 487 3086 ἀριστείαις
502 2996 688 3088 ἀνεδούμην
703 2997 770 3068 ὑπὸ
792 3005 853 3067 τοῦ
909 3003 1066 3091 Μάρκιος
1090 3053 1148 3070 ...
1172 2999 1278 3088 ἄνδρα
1302 2999 1467 3086 Ῥωμαῖον

301 3106 488 3192 στρατηγοῦ
506 3102 719 3191 στεφάνοις
741 3105 853 3168 πολί-
909 3105 1060 3173 πεσόντα
1100 3108 1247 3194 πλησίον
1286 3103 1367 3172 ἰδὼν
1405 3099 1466 3171 οὐκ

300 3229 371 3292 την
399 3203 662 3293 ὑπερασπίσας
685 3209 737 3281 (ef.
771 3206 855 3274 infre
909 3202 1083 3296 ἠμέλησεν,
1101 3203 1169 3274 ἀλλ’
1186 3206 1264 3294 ἔστη
1278 3204 1345 3292 πρὸ
1361 3199 1466 3272 αὐτοῦ

300 3331 332 3394 p.
356 3315 432 3387 203)
454 3309 512 3374 καὶ
534 3310 741 3391 πολέμιον
910 3307 1467 3396 καὶτὸνὲπιφερόμενσνταῑν

911 3403 1468 3496 πολεμίωνᾶμυνόμενσςᾶπέ-

302 3504 571 3588 ἀποκτείνας.
910 3539 1086 3580 κτεινεν.
1123 3508 1170 3589 ὥς
1199 3497 1257 3578 οὖν
1286 3510 1466 3600 ἐκράτησεν

911 3612 929 3682 ὁ
948 3614 1142 3703 στρατηγός,
1166 3611 1201 3680 ἐν
1216 3613 1368 3700 πρώτοις
1385 3611 1466 3681 ἐκεῖ·

912 3743 969 3785 νον
1007 3713 1298 3804 ἐστεφάνωσε
1335 3707 1465 3803 δρυὸς

913 3817 1103 3906 στεφάνῳ.

389 3954 412 4018 τ)
431 3950 489 4006 niv.
508 3952 544 4018 11,
562 3957 609 4020 ao,
628 3958 659 4008 τι
679 3948 755 4008 ‘Tito
777 3945 912 4021 Latinio’3
940 3953 1001 4008 Vol.
1028 3953 1102 4008 Max.
1123 3959 1147 4020 1,
1166 3957 1190 4019 τ,
1209 3958 1240 4007 l:
1261 3947 1308 4008 ‘u
1327 3946 1464 4021 Latinio’3

301 4037 428 4091 Laetaut.
446 4037 532 4092 instit.
551 4038 603 4093 dir.
623 4042 647 4106 2,
666 4044 691 4108 l,
711 4042 757 4092 20:
773 4031 901 4106 ‘Atinio'3
922 4039 1015 4093 Aurel.
1034 4041 1153 4106 August.
1173 4038 1200 4093 d.
1219 4053 1244 4093 o.
1264 4037 1291 4092 d.
1311 4042 1336 4104 4,
1356 4041 1403 4092 26:
1419 4031 1464 4092 ιΤ.

301 4113 432 4190 Latinio'3
453 4121 575 4180 Maerob.
595 4130 647 4180 sat.
669 4129 692 4191 1,
713 4129 754 4180 11.
774 4127 801 4178 3:
816 4116 942 4179 ‘Annio'.
