3134 4986
512 371 690 440 Quaestione·
708 371 913 428 Posidonianae.
1233 373 1294 432 383

134 568 201 614 nou
229 547 444 630 existimaret,
475 545 643 612 consilium
673 546 798 630 cepisse
821 544 1000 613 censendus
1023 551 1087 630 est,
1118 566 1202 631 quae
1224 547 1295 630 ipse

135 648 178 714 de
206 649 303 715 rebus
328 647 522 716 caelestibus
543 649 718 730 (μετέωρα)
742 648 875 714 sentiret
896 683 938 692 —
959 667 1034 712 nam
1055 649 1100 714 ad
1122 647 1203 733 haec
1225 648 1296 716 sola

134 751 275 834 pertinet
293 743 518 818 ‘Introductio'
535 785 587 832 -‚
610 751 723 835 paucis
738 750 879 832 plagulis
895 768 1067 834 exponere.
1101 749 1173 816 Hoc
1187 755 1295 816 autem

134 853 243 918 facere
271 873 336 918 non
364 853 469 937 potuit
490 853 568 935 quin
591 852 853 918 commentarium
875 851 1051 934 respiceret
1072 852 1106 916 in
1128 851 1296 918 Posidonii

135 953 350 1020 enchiridium
365 954 578 1039 compositum
593 953 705 1036 inquo
721 959 870 1036 respectu
883 951 1051 1019 Posidonii
1065 954 1295 1020 sententiarum

133 1055 177 1120 ab
200 1056 311 1139 eisque
334 1075 462 1140 semper
484 1076 574 1122 orsus
597 1056 724 1138 singula
746 1074 856 1120 eorum
873 1074 957 1138 quae
971 1053 1015 1120 ad
1030 1055 1296 1138 meteorologiam

137 1164 286 1241 spectant
309 1159 481 1242 diligenter
503 1163 536 1223 ct
557 1155 628 1223 fuse
650 1163 836 1222 excusserat
859 1164 891 1222 et
912 1163 1070 1224 scrutatus
1093 1162 1170 1222 erat.
1215 1155 1296 1223 Cum

134 1278 214 1324 vero
241 1261 323 1325 ratio
344 1263 384 1326 'et
412 1259 581 1326 consilium
606 1251 788 1342 ‘Isagoges’
819 1278 949 1341 prorsus
977 1260 1043 1325 alia
1070 1264 1178 1325 essent
1198 1268 1296 1342 atque

130 1353 352 1444 ‘Commenti²,
379 1362 463 1428 ultro
494 1366 584 1443 patet
614 1358 676 1426 hoc
706 1360 897 1444 simpliciter
924 1381 944 1426 a
967 1361 1104 1427 Gemino
1135 1361 1296 1428 decurtari

133 1482 199 1528 non
227 1463 387 1546 potuisse,
419 1469 454 1528 ut
482 1462 540 1527 illa
569 1461 731 1528 evaderet.
776 1459 867 1526 Nihil
895 1464 979 1529 ultra
1005 1463 1176 1529 dicendum
1199 1482 1296 1546 quam

133 1551 323 1647 Geminum,
352 1585 424 1631 cum
447 1565 545 1648 plane
567 1582 686 1628 novam
708 1563 899 1645 scripturam
923 1566 1092 1647 conderet,
1118 1565 1295 1630 litteratum

133 1666 237 1749 ipsius
259 1667 522 1733 commentarium
546 1671 621 1738 ante
642 1665 856 1749 perscriptum
879 1666 1077 1734 adhibuisse.
1207 1709 1209 1714 -

220 1765 286 1834 Sed
315 1769 380 1834 iam
408 1767 574 1852 paulisper
602 1768 752 1834 sistamus
781 1767 926 1850 gradum.
972 1769 1072 1836 Vides
1100 1768 1144 1834 ad
1166 1788 1295 1851 prorsus

134 1870 330 1936 contrarium
353 1890 486 1953 scopum
509 1889 568 1936 nos
591 1871 779 1953 pervenisse
801 1875 900 1953 atque
916 1871 1086 1936 Blossium.
1119 1870 1204 1935 Nam
1223 1889 1294 1935 cum

134 1971 190 2038 hic
211 1972 334 2054 ingenii
355 1973 478 2038 lusibus
494 1973 588 2038 bellis
605 1971 850 2056 splendidisque
873 1973 1014 2056 quidem,
1031 1973 1089 2039 sed
1105 1991 1219 2055 parum
1234 1971 1295 2036 uti-

80 2118 92 2130 ·
133 2075 219 2140 lihus
252 2094 328 2140 urus
358 2073 584 2140 Geminiauam
615 2066 916 2140 ‘introductionem'
953 2095 995 2140 ex
1028 2095 1090 2140 uno
1119 2073 1295 2140 Posidonio

132 2195 282 2242 manasse
304 2177 478 2260 statuisset,
501 2196 560 2242 nos
577 2183 692 2242 exacta
707 2175 962 2241 testimoniorum
979 2182 1125 2244 veterum
1141 2175 1295 2258 iuterpre-

133 2278 256 2344 tatioue
278 2277 426 2343 adhibita
447 2277 529 2343 nihil
552 2298 594 2343 ex
611 2278 676 2343 illis
692 2277 733 2342 de
748 2277 872 2342 ratione
889 2295 972 2359 quae
988 2277 1197 2342 Posidonium
1213 2277 1296 2342 inter

133 2385 167 2444 et
186 2373 374 2462 ‘Isagogen'
399 2379 569 2445 intercedit
591 2378 677 2444 effici
698 2397 794 2463 posse
817 2377 1025 2442 ostendimus.

221 2481 372 2548 Poteram
401 2501 479 2547 saue
506 2482 608 2547 multo
639 2479 917 2563 compendiosiore
946 2480 1002 2544 via
1023 2479 1141 2545 Blassii
1171 2499 1295 2546 errores

134 2585 365 2668 captionesque
398 2583 558 2649 discutere
586 2584 632 2648 ita
660 2589 695 2648 ut
717 2582 846 2649 Gemini
864 2571 1163 2647 ‘Introductionem'
1195 2583 1295 2648 multa

133 2686 298 2752 continere
321 2685 523 2750 ostenderem
547 2704 630 2768 quae
652 2705 673 2750 a
695 2684 870 2751 Posidonio
892 2685 999 2750 aliena
1014 2701 1086 2750 esse
1102 2685 1294 2768 quicumque

132 2808 199 2854 non
221 2793 379 2870 occupata
400 2788 552 2871 opinione
575 2787 618 2853 ad
640 2789 737 2854 istum
759 2788 877 2853 librum
899 2787 1072 2853 accesserit
1093 2787 1169 2852 ilico
1188 2787 1294 2869 pervi-

133 2889 220 2955 deat.
249 2887 410 2971 Obligatis
427 2894 568 2954 uteretur
583 2890 685 2956 oculis
701 2889 757 2972 qui
773 2908 843 2972 cap.
856 2889 921 2954 XII
936 2894 969 2954 et
982 2889 1121 2972 priorem
1135 2909 1205 2971 cap.
1214 2889 1295 2953 XIII

132 2995 259 3074 partem
281 2989 325 3055 ad
340 2990 548 3056 Posidonium
570 2991 690 3056 reverti
712 2990 934 3056 contenderet:
957 2991 1014 3056 ubi
1034 3010 1117 3074 quae
1133 2989 1174 3056 de
1190 2997 1295 3056 terrae

136 3092 276 3174 cingulis
304 3091 398 3158 nobis
426 3093 615 3175 propinatur
645 3091 792 3158 doctriua
820 3097 887 3158 toto
915 3094 1006 3159 caelo
1035 3092 1296 3158 aPosidoniana

133 3193 243 3260 distm.
281 3192 421 3260 Perinde
436 3213 507 3276 cap.
523 3194 600 3259 XIV
623 3183 815 3278 quod‘rcepl
832 3187 1020 3279 oqpooruiv'
1039 3194 1225 3278 inscriptum
1246 3200 1296 3260 est

133 3295 303 3362 Posidonii
332 3295 406 3362 stilo
429 3295 590 3362 excidisse
612 3296 734 3379 nequit.
778 3295 928 3380 Namque
951 3316 1023 3362 cum
1045 3297 1087 3360 ah
1110 3295 1172 3362 hoc
1193 3303 1294 3362 astro·

133 3398 256 3480 logiam
279 3396 322 3473 (h.
346 3417 373 3462 e.
395 3396 634 3463 Chaldaeorum
654 3399 807 3472 rationes)
831 3404 959 3463 strenue
982 3403 1014 3462 et
1036 3397 1132 3462 enixe
1155 3397 1294 3463 defensi·

133 3506 236 3566 tatem
258 3518 329 3566 esse
353 3505 550 3582 compertum
565 3498 742 3565 habeamus
758 3499 810 3578 (cf.
827 3497 967 3564 Schiche
980 3491 1043 3564 ‘De
1059 3498 1136 3564 font.
1154 3499 1210 3564 lib.
1227 3497 1293 3565 Cio.

133 3621 167 3685 q.
190 3621 216 3667 s.
244 3600 286 3666 dc
309 3592 383 3666 div.²
414 3594 520 3685 [1875]
544 3621 575 3684 p.
599 3601 699 3683 8rqq.
731 3607 763 3665 et
785 3599 960 3666 Schmekel
981 3602 1003 3665 l.
1026 3601 1047 3664 l.
1070 3621 1102 3684 p.
1125 3603 1188 3664 244
1200 3601 1294 3685 sqq),

132 3703 178 3768 ab
189 3708 320 3769 auctore
332 3701 566 3786 disquisitionis
575 3694 631 3767 ‘de
643 3701 931 3784 significationibus
942 3697 1114 3768 astrorum'
1129 3709 1294 3786 tamquam

133 3805 220 3872 iusto
247 3804 455 3871 fundamento
485 3823 597 3872 carens
625 3803 781 3869 acerrime
811 3804 869 3868 illa
896 3803 1111 3886 impugnatur.
1164 3801 1294 3888 Quippe

132 3906 315 3991 principale
344 3906 485 3971 omnium
514 3905 709 3986 astrologiae
733 3904 938 3971 defensorum
960 3909 1183 3987 argumentum
1206 3905 1295 3989 quod

132 4007 285 4074 absoluta
307 4007 448 4091 quadam
470 4009 612 4074 omnium
631 3995 977 4090 rerum'oompassiouc
998 4003 1212 4087 (συμπάθεια
1226 4009 1294 4072 τῶν

134 4100 236 4187 ὅλων)
252 4110 430 4176 continetur
444 4115 532 4177 recto
547 4110 613 4175 talo
629 4114 715 4176 stare
729 4115 836 4192 negat,
858 4128 930 4174 cum
947 4109 1026 4175 dicit
1048 4110 1092 4192 (p.
1109 4111 1293 4194 34‚14sqq.
