3198 4974
324 372 387 432 192
799 375 864 432 Otto
882 377 1008 432 Bocksch

324 545 382 612 sed
411 545 510 612 alium
539 549 649 614 nescio
679 567 775 631 quem
800 553 928 614 secutus
952 556 1010 618 est.
1056 549 1123 616 Sed
1145 569 1186 616 ne
1210 551 1268 618 illa
1289 551 1423 634 quidem
1446 571 1489 616 ex

324 647 420 714 Livio
435 647 629 717 Plutarchus
653 649 782 717 haurire
803 655 943 734 poterat,
965 671 1050 734 quae
1073 653 1223 735 leguntur
1246 651 1297 718 sd.
1314 651 1396 718 Sint.
1414 655 1489 738 208,

326 754 446 815 7-10:
471 746 533 833 tyci
551 748 586 814 δὲ
601 749 712 835 κλήρῳ
728 748 838 832 λαχὼν
860 752 915 816 καὶ
939 751 1228 841 προεπιχειρήσας
1251 745 1310 819 οὐκ
1332 741 1490 838 ἄχθομαι

323 854 365 938 τῇ
382 850 461 938 τύχῃ
474 849 669 938 διαμαρτών
682 844 805 936 ἀνδρὸς
818 844 951 936 ἀγαθοῦ
963 854 1019 919 καὶ
1032 855 1135 941 φίλου
1146 854 1274 938 μᾶλλον
1286 843 1308 943 ἢ
1321 856 1490 938 πολεμίου

320 949 497 1037 Ῥωμαίοις
519 941 607 1022 οἶνοι
629 957 831 1039 πρέποντος.
867 955 1024 1024 Similiter
1046 978 1155 1026 rursus
1178 959 1212 1024 in
1235 959 1331 1026 Dion.
1348 958 1378 1023 V
1394 963 1447 1042 30,
1472 963 1492 1024 2

325 1057 354 1124 ri
381 1077 446 1124 non
472 1058 612 1136 Mucius,
642 1064 676 1124 at
695 1058 817 1124 Arruns
839 1055 925 1124 filius
948 1057 1134 1128 Porsennae
1157 1059 1283 1142 suadet,
1308 1067 1344 1126 ut
1365 1061 1490 1128 amicos

323 1159 487 1227 Romanos
510 1179 553 1226 ex
575 1158 722 1226 hostibus
744 1157 852 1226 faciat.

408 1261 525 1345 Neque
548 1262 575 1329 si
599 1261 671 1345 quis
694 1261 783 1328 dicat
805 1262 943 1329 fortasse
959 1262 1127 1329 Antiatem
1150 1269 1182 1330 et
1203 1263 1334 1329 Livium
1356 1264 1390 1328 in
1413 1264 1491 1330 Plu·

324 1361 436 1430 tarcho
458 1365 651 1433 commixtos
674 1382 762 1447 esse,
787 1362 850 1430 hoc
870 1363 967 1431 facile
991 1365 1217 1446 concesserim,
1240 1366 1268 1430 si
1291 1365 1427 1448 quidem
1449 1367 1492 1432 dc

324 1465 441 1532 dextra
470 1465 637 1533 combusta
664 1463 747 1530 nihil
775 1465 863 1548 apud
892 1466 1034 1533 Atiatem
1058 1473 1143 1548 erat,
1173 1471 1209 1530 ut
1231 1486 1330 1550 supra
1352 1469 1491 1535 conieci.

324 1567 474 1650 Namque
496 1568 617 1653 prima,
646 1587 742 1651 quam
765 1567 849 1633 inter
870 1567 1001 1635 Livium
1026 1573 1059 1634 et
1081 1568 1290 1636 Plutarchum
1312 1570 1492 1651 attulimus,

326 1669 546 1752 discrepantia
562 1669 604 1736 de
619 1669 731 1753 gladio
748 1669 854 1736 Mucio
870 1689 892 1734 a
906 1669 1074 1736 Porsenna
1095 1669 1225 1736 reddito
1249 1670 1492 1753 quodammodo

326 1791 399 1838 cum
430 1771 670 1838 narratiuncula
703 1773 761 1837 illa
792 1771 834 1838 de
867 1791 965 1836 manu
999 1773 1066 1853 igni
1101 1779 1292 1856 consumpta
1323 1771 1491 1840 cohaeret.

324 1872 451 1957 Nempe
473 1872 649 1939 secundum
671 1875 882 1940 vetustiorem
903 1874 1111 1954 memoriam,
1134 1893 1208 1940 cum
1230 1874 1344 1940 tabula
1367 1874 1428 1940 illa
1449 1875 1494 1940 de

325 1975 441 2042 dextra
474 1975 642 2041 combusta
674 1975 817 2041 nondum
846 1976 967 2041 inserta
996 1981 1098 2059 esset,
1133 1976 1162 2041 si
1191 1974 1325 2058 quidem
1355 1993 1398 2042 ex
1427 1997 1493 2043 nnc
1582 2031 1583 2046 π

325 2077 484 2162 Dionysio
507 2077 661 2159 colligere
683 2077 774 2159 licet,
803 2077 928 2144 Mucius
954 2076 1039 2143 adeo
1062 2096 1127 2142 non
1149 2083 1240 2144 tanta
1261 2078 1496 2146 benevolentia
1582 2151 1583 2168 2

328 2184 361 2244 ct
388 2197 492 2262 paene
522 2177 593 2244 dixi
611 2177 765 2244 'amicitia
787 2199 808 2244 a
830 2178 997 2244 Porsenna
1018 2183 1174 2246 tractatus
1197 2179 1343 2264 videtur,
1371 2187 1496 2246 utnon

326 2280 431 2346 solum
453 2279 599 2362 gladium
628 2300 693 2346 non
715 2280 890 2363 reciperet,
918 2279 977 2347 sed
1000 2282 1098 2347 etiam
1120 2281 1154 2348 in
1176 2281 1308 2348 vincula
1330 2283 1496 2348 conicere·

325 2389 376 2448 tur
398 2382 439 2460 (V
462 2384 512 2464 30,
538 2383 577 2460 1).
626 2383 676 2447 Ac
697 2401 756 2464 per
779 2401 814 2448 sa
837 2382 1036 2466 intellegitur
1058 2384 1129 2450 sine
1151 2383 1208 2449 illo
1230 2385 1495 2466 praeclarissimo

325 2485 454 2550 virtutis
477 2484 628 2567 exemplo
651 2503 783 2550 causam
805 2503 870 2550 non
892 2484 1010 2567 fuisse,
1034 2505 1091 2552 cnr
1112 2484 1280 2551 Porsenna
1301 2486 1496 2552 clementius

325 2586 466 2652 Mucium
507 2591 669 2652 tractaret.
724 2586 800 2652 Mea
835 2584 935 2668 igitur
967 2587 1128 2653 sententia
1160 2586 1414 2654 Plutarchus
1448 2587 1496 2653 de

325 2687 456 2754 Mucio
486 2686 693 2754 Scaevola
720 2685 901 2752 fabulam
930 2706 1061 2770 neque
1091 2707 1141 2754 ex
1167 2688 1336 2780 Antiqts
1365 2709 1496 2773 neque

326 2808 376 2855 ex
403 2789 523 2856 Livio
558 2788 713 2873 hausit,
748 2789 820 2856 sed
854 2807 902 2854 ex
935 2791 1142 2874 scriptore
1170 2791 1312 2873 aliquo
1339 2797 1398 2857 aut
1425 2793 1497 2876 ipse

325 2891 443 2974 petivit
457 2899 513 2958 aut
527 2911 586 2974 per
601 2891 684 2958 alios
706 2893 865 2974 perlatam
887 2892 1016 2974 accepit
1030 2893 1200 2958 Antiate
1223 2899 1354 2974 certo,
1379 2892 1497 2960 (lice-
1582 2943 1583 2946 ,

325 3013 422 3060 rone
445 2994 574 3060 facile
589 2995 841 3076 posteriore,
857 3013 930 3060 eam
946 2994 988 3060 ob
1004 3013 1147 3077 causam,
1163 2995 1241 3077 qnia
1255 2995 1497 3062 narratiuncula
1582 2997 1583 3074 Q

326 3094 369 3161 de
390 3095 508 3161 dextra
529 3095 697 3162 combusta
719 3095 880 3162 inferioris
903 3102 953 3163 est
973 3097 1101 3163 aetatis.

409 3197 515 3264 Lubet
541 3196 591 3263 his
614 3197 787 3264 adnectere
811 3197 973 3281 quaedam
995 3197 1044 3264 de
1066 3198 1169 3265 Plut.
1193 3198 1306 3264 Publ.
1331 3218 1418 3283 cap.
1444 3204 1494 3283 19,
1582 3231 1583 3278 ,

326 3299 448 3382 dequo
465 3299 500 3364 in
522 3299 845 3366 commentationibus
867 3300 902 3364 in
923 3292 1078 3368 honorem
1095 3300 1199 3384 Lipsii
1224 3299 1321 3366 editis
1344 3302 1496 3387 exposui,

327 3407 359 3467 et
387 3401 436 3467 dc
465 3399 594 3468 variis
624 3402 883 3468 narrationis
913 3401 962 3468 de
990 3401 1155 3468 Cloelia
1182 3401 1324 3468 formis
1352 3403 1497 3484 gradi·

327 3503 494 3585 busque.
532 3503 761 3570 Demonstravi
784 3503 866 3571 duos
887 3503 931 3570 ad
953 3504 1121 3570 minimum
1143 3505 1249 3570 fontes
1274 3525 1296 3570 a
1317 3504 1496 3572 Plutarcho

326 3602 491 3670 adhibitos
508 3623 579 3670 esse
594 3611 723 3688 praeter
737 3606 902 3672 Antiatem
917 3605 1138 3674 subsidiarios.
1176 3603 1322 3683 Quorum
1337 3606 1372 3672 in
1391 3608 1496 3674 altero

327 3705 388 3770 tuit
410 3704 540 3771 obsides
563 3724 675 3773 omncs
691 3707 836 3774 Tiberim
858 3714 1089 3792 transnatasse,
1112 3727 1209 3774 unam
1229 3706 1389 3774 Cloeliam
1412 3727 1498 3794 equo

327 3813 464 3872 vectam.
502 3807 609 3874 Etiam
625 3807 707 3876 haec
721 3810 868 3878 narratio¹
878 3809 913 3874 in
927 3809 1043 3884 altiore
1058 3810 1169 3892 aliquo
1192 3809 1295 3894 mado
1318 3812 1498 3878 memoriae

327 3907 480 3992 ponenda
509 3915 573 3992 est,
604 3911 756 3993 qnoniam
786 3911 883 3978 facile
912 3930 955 3976 ex
983 3908 1108 3977 duabus
1144 3911 1219 3978 aliis
1248 3910 1389 3978 conflata
1422 3933 1497 3980 esse
1582 3991 1583 3996 ἵ

326 4010 539 4106 perspicitur..
568 4010 817 4096 simplicissima
831 4013 962 4078 fabulae
977 4011 1020 4078 de
1035 4012 1180 4080 cloeliae
1202 4013 1281 4098 tuga
1302 4032 1343 4080 ea
1364 4013 1498 4082 videtur

327 4111 446 4194 torma,
481 4113 657 4180 secundum
692 4133 789 4198 qnam
822 4115 881 4180 illa
914 4115 984 4180 sola
1017 4115 1138 4198 fugisse
1171 4115 1287 4198 fertur,
1321 4123 1379 4183 ant
1406 4123 1498 4184 hans

1562 4776 1580 4952 i
