3134 4986
309 397 372 456 364
760 395 887 464 Edg'arus
903 395 1017 450 Martini

306 591 378 636 rum
407 570 499 652 gregi
528 568 766 650 adsignandum
795 587 866 636 esse
895 587 953 634 suo
976 569 1045 634 iure
1067 569 1288 653 pronuntiavit
1309 569 1468 638 Maassius

306 663 524 739 ‘Arateorum’
559 691 589 754 p.
613 672 663 734 42.
719 669 789 736 Neo
830 689 907 736 vero
936 672 1061 754 probus
1095 672 1151 738 ille
1185 671 1276 738 Arati
1309 671 1469 755 interpres

307 773 470 840 neminem
498 772 647 839 adhibuit
675 771 738 837 nisi
762 770 939 836 Eudorum:
969 792 1054 855 quae
1078 773 1223 856 opinatio
1244 774 1299 839 vel
1320 772 1398 839 inde
1421 793 1469 840 re·

305 876 431 942 fellitnr
457 881 555 958 atque
584 873 803 956 redarguitur,
832 872 920 954 quod
949 873 982 938 iu
1007 866 1281 941 ‘Introductioue'
1314 872 1370 941 hic
1399 875 1469 942 illic

308 979 481 1062 scriptores
510 976 659 1042 laudatos
686 974 864 1057 reperimus
886 993 967 1057 quor
990 982 1065 1058 post
1086 975 1249 1044 Eudorum
1271 974 1372 1044 fnisse
1395 997 1470 1044 con-

308 1086 386 1146 stat:
409 1079 510 1145 veluti
533 1077 757 1161 Thrasyllum,
785 1076 973 1156 Adrastum,
998 1077 1220 1145 Ptolomaeum
1243 1075 1295 1160 (cl.
1316 1072 1467 1144 ‘Iutrcd'

307 1201 379 1264 cap.
394 1180 474 1246 XVI
494 1201 526 1264 p.
543 1182 584 1246 80
597 1173 607 1197 ‘
618 1173 757 1248 Uranol.'
774 1177 844 1243 Pet
859 1171 968 1262 [1703]
986 1185 1018 1244 et
1033 1199 1104 1262 cap.
1120 1179 1203 1244 XIX
1225 1200 1256 1263 p.
1273 1181 1337 1255 82).
1371 1180 1468 1246 Prae·

307 1289 398 1348 terea
426 1280 570 1349 Achilles
604 1281 866 1347 commentarium
900 1280 991 1346 illum
1018 1280 1174 1348 Arateum
1204 1281 1377 1365 descripsit
1405 1301 1469 1366 quo

309 1385 407 1450 etiam
429 1381 625 1452 scholiorum
640 1383 875 1449 Marcianorum
896 1388 1008 1448 auctor
1023 1401 1099 1449 usus
1115 1392 1178 1452 est:
1201 1383 1289 1468 quod
1305 1384 1469 1450 blaassius

307 1484 360 1562 (ef.
383 1487 404 1551 l.
421 1486 442 1551 l.
465 1506 496 1570 p.
514 1489 551 1550 21
578 1485 706 1571 proxx.)
728 1493 794 1550 tarn
816 1484 986 1550 luculentis
1009 1486 1233 1567 comprobavit
1254 1488 1466 1569 argumentis,

308 1593 343 1654 ut
375 1589 482 1660 nullus
516 1587 709 1655 dubitationi
742 1587 940 1669 relinquatur
968 1586 1068 1652 locus.
1113 1587 1232 1653 Verum
1261 1607 1302 1654 ne
1329 1587 1468 1655 Achillis

308 1689 440 1773 quidem
469 1691 599 1766 libellus
628 1691 753 1772 integer
775 1689 1010 1771 incolumisque
1032 1688 1076 1754 ad
1097 1695 1208 1756 nostra
1228 1695 1376 1772 tempora
1397 1710 1469 1774 per·

307 1792 413 1875 venit,
443 1792 604 1875 siquidem
636 1797 789 1875 excerpta
815 1811 874 1857 nos
903 1796 1013 1856 tenere
1041 1790 1114 1873 plus
1143 1790 1249 1856 minus
1271 1791 1375 1858 exilia
1397 1812 1469 1858 cum

307 1899 394 1960 totus
414 1885 695 1960 ‘introductionis’
723 1891 851 1958 babitus
872 1892 1009 1958 adfatim
1031 1892 1192 1975 declarat,
1222 1898 1289 1958 tum
1312 1892 1416 1960 index
1438 1897 1468 1960 in

310 1994 479 2062 codicibus
502 1996 657 2062 Vaticano
681 2001 713 2060 et
734 1993 882 2060 Mediceo
905 1995 1016 2060 libello
1038 1993 1217 2076 praefixus:
1241 1994 1307 2058 τῶν
1325 1986 1467 2080 Ἀράτου

305 2090 555 2178 ‘macuculam’
580 2092 669 2176 πρὸς
692 2091 877 2180 εἰσαγωγὴν
892 2091 926 2160 ἐκ
941 2096 1008 2159 τῶν
1023 2091 1200 2175 Ἀχιλλέως
1215 2095 1268 2173 (uf.
1285 2095 1394 2165 Mnaso
1411 2099 1433 2163 l.
1448 2100 1468 2162 l.

306 2221 339 2285 p.
362 2198 429 2280 20).

393 2300 519 2380 Quibus
542 2300 772 2386 perpensitatis
794 2299 946 2382 equidem
969 2319 1095 2366 summo
1110 2317 1209 2382 opere
1224 2318 1344 2380 gravor
1360 2300 1467 2366 Achil·
1555 2277 1556 2292 ¹

306 2405 379 2470 leae
401 2401 579 2486 scripturae
600 2402 754 2485 reliquias
777 2422 835 2486 pro
858 2422 897 2468 eo
920 2400 1129 2467 fundamento
1152 2405 1266 2482 putare
1289 2420 1354 2484 quo
1378 2401 1467 2468 Posi-

307 2505 397 2572 donii
425 2505 590 2572 doctrinae
617 2504 735 2570 rudera
756 2504 939 2585 indagaturi
961 2522 1073 2568 secure
1097 2502 1189 2567 inniti
1212 2503 1347 2584 possint.
1394 2505 1468 2570 Am-

307 2607 377 2689 bigi
392 2607 479 2672 enim
493 2607 615 2688 nequit,
635 2607 711 2689 quin
727 2606 883 2672 Diodorei
899 2604 1130 2686 commentarii,
1146 2605 1244 2670 robur
1261 2604 1343 2670 illud
1359 2604 1468 2672 Achil·

307 2709 350 2774 lis
365 2708 523 2792 opusculi,
539 2727 557 2772 e
573 2707 690 2791 quibus
701 2708 921 2774 Posidoniana
932 2695 1274 2772 in‘lntroductionem’
1294 2726 1467 2774 manavere

312 2811 431 2896 omnia,
455 2810 573 2876 totiens
597 2810 743 2893 expilati,
766 2810 799 2874 in
815 2828 933 2876 novam
949 2807 1086 2874 formam
1108 2808 1242 2890 redacti,
1264 2827 1339 2874 cum
1362 2811 1467 2876 multis

308 2913 449 2996 denique
470 2911 587 2978 alienis
609 2932 649 2977 ac
671 2911 879 2995 disparilibus
902 2911 1069 2977 commixti
1088 2929 1112 2975 a
1132 2910 1268 2994 pristina
1282 2910 1466 2978 sinceritate

308 3021 342 3081 et
370 3014 555 3096 integritate
584 3014 703 3079 sensim
725 3014 822 3094 longe
843 3015 1051 3094 recesserint,
1081 3013 1128 3078 ita
1149 3018 1185 3078 ut
1206 3011 1341 3078 umbrae
1365 3014 1467 3080 solum

307 3115 404 3182 modo
427 3133 538 3182 eorum
559 3134 645 3180 nunc
667 3117 838 3198 supersint.

393 3217 610 3284 Transeamus
633 3217 731 3299 igitur
752 3217 795 3282 ad
812 3217 983 3298 Geminum,
1006 3217 1066 3283 sub
1088 3215 1179 3283 cuius
1193 3215 1324 3281 nomine
1339 3216 1468 3282 libellus

307 3318 531 3386 circumfertur
541 3319 596 3401 qui
609 3319 793 3385 inscribitur
805 3311 988 3403 ‘Eiouyuryiq
1002 3315 1051 3394 εἰς
1066 3313 1108 3381 τὰ
1125 3311 1341 3402 φαινόμενα’.
1365 3319 1468 3384 Huius

306 3421 411 3486 libelli
434 3418 577 3485 indolem
599 3427 632 3486 et
649 3421 819 3487 consilium
835 3421 948 3504 paucis
963 3419 1155 3486 adumbrare
1172 3416 1260 3484 baud
1274 3437 1296 3483 a
1310 3438 1345 3485 re
1361 3427 1469 3487 uestra

306 3541 379 3588 esse
410 3521 503 3587 duco.
548 3522 677 3606 Reapse
698 3521 969 3587 introductionem
990 3522 1238 3588 astronomicam
1261 3519 1392 3586 Gemini
1414 3522 1469 3605 qui

308 3630 489 3706 temporum
512 3623 670 3689 invidiam
693 3623 817 3706 defugit
838 3623 956 3688 librum
980 3643 1051 3692 esse
1066 3631 1132 3690 tam
1146 3628 1372 3705 argumentum
1387 3629 1469 3690 trac·

307 3731 409 3792 tatum
431 3744 529 3808 quam
552 3724 740 3808 disputandi
762 3725 844 3790 ratio
867 3724 1010 3792 dilucido
1032 3725 1181 3792 ostendit.
1219 3723 1364 3790 Strictim
1383 3727 1470 3791 enim

307 3844 385 3891 vero
408 3825 467 3891 sed
485 3827 664 3892 luculenter
678 3825 720 3892 de
735 3828 952 3893 astronomiae
967 3827 1135 3894 elementis
1151 3826 1328 3892 disseritur.
1363 3824 1470 3906 Quae-

307 3945 443 4010 cumque
464 3933 573 3993 autem
594 3926 638 3993 ad
660 3928 844 3993 interiorem
864 3927 959 3994 buius
974 3929 1130 3996 scientiae
1145 3927 1363 4010 cognitionem
1378 3948 1469 4012 spec·

306 4035 377 4096 tant
398 4029 544 4095 consulto
565 4029 762 4096 omittuntur.
795 4029 833 4094 In
848 4030 961 4115 primis
975 4029 1196 4097 adcuratiures
1211 4031 1468 4114 computationes

307 4149 379 4196 raro
410 4129 631 4212 inveniuntur,
661 4149 857 4214 quamquam
885 4150 950 4198 nou
976 4132 1073 4216 plane
1103 4131 1227 4198 desunt
1272 4128 1320 4197 cf.
1346 4151 1399 4198 ex.
1422 4153 1467 4216 gr.
