3318 4970
297 373 317 434 8
714 376 853 444 Augustus
871 371 1022 428 Jdnemanu

300 547 422 631 plena
443 547 537 613 urbs
553 546 741 613 exercitu
764 539 960 612 insolito’.
992 545 1029 610 ln
1044 545 1123 610 urbe
1138 544 1244 628 igitur,
1261 563 1333 610 cum
1348 543 1454 610 Galba

302 667 372 716 eam
396 649 538 732 intraret,
562 646 715 714 tendebat
738 666 800 712 una
822 647 917 730 legio,
944 647 1094 727 alteram,
1117 645 1295 728 Hispanam
1319 646 1451 731 scilicet,

302 751 477 834 imperator
500 767 541 816 ex
563 749 731 833 provincia
753 765 860 814 secum
882 747 1028 814 adduxit.

385 849 494 918 Oritur
516 849 578 918 hoc
600 850 671 916 loco
699 851 845 933 quaestio
868 848 1027 933 difficilis,
1057 868 1140 933 quae
1168 849 1264 916 luerit
1286 849 1343 914 illa
1365 849 1450 934 legio

297 941 484 1038 ‘Hispana'.
528 951 704 1034 Legionem
723 950 900 1034 Hispanam
922 950 1173 1035 intellegendam
1196 969 1267 1018 esse
1289 950 1450 1032 legionem

299 1056 332 1119 in
355 1054 514 1139 Hispania
536 1072 577 1119 ex
601 1052 714 1119 incolis
737 1053 923 1136 provinciae
938 1053 1160 1136 conscriptam,
1184 1052 1255 1134 quis
1275 1051 1451 1119 infitietur?

300 1156 492 1224 Provinciae
520 1160 626 1220 autem
657 1154 891 1220 Tarraconensi
920 1153 1026 1220 Galba
1054 1154 1208 1238 praefuit,
1235 1159 1451 1237 antequama

301 1256 458 1324 militibus
488 1256 637 1340 (legionis
660 1254 713 1321 VI.
730 1253 824 1330 vict.)
854 1256 1028 1341 imperator
1056 1256 1210 1322 salutatus
1240 1261 1297 1322 eat.
1344 1255 1450 1334 Quare

300 1358 492 1426 concludere
503 1358 581 1425 licet
596 1357 697 1440 illum,
719 1358 904 1441 priusquam
921 1377 962 1423 ex
978 1357 1136 1441 Hispania
1151 1357 1284 1423 Romam
1309 1356 1449 1441 proficis·

299 1467 433 1543 caretur,
457 1467 491 1525 ut
506 1478 585 1544 opes
607 1479 681 1526 suas
697 1465 840 1542 augeret,
864 1479 905 1525 ex
920 1459 1035 1526 incolis
1050 1459 1236 1542 provinciae
1258 1459 1449 1540 suistudio·

298 1565 433 1631 sissimis
455 1581 572 1628 noram
596 1561 757 1628 creavisse
780 1560 950 1643 legionem.
990 1559 1093 1639 Quam
1116 1579 1182 1627 rom
1204 1562 1250 1628 ita
1272 1580 1307 1628 se
1331 1560 1449 1628 habere

298 1671 432 1732 testatur
455 1662 625 1729 Suetonius
648 1661 765 1739 (Galba
790 1663 839 1739 10)
864 1661 914 1729 his
937 1663 1060 1728 verbis:
1087 1655 1119 1728 ‘e
1141 1663 1263 1746 plebe
1287 1662 1450 1746 quidem

299 1767 542 1853 provinciae
573 1764 761 1847 legiones
793 1772 831 1829 et
858 1764 1020 1830 auxilia
1049 1765 1301 1851 conscripsit
1329 1785 1450 1849 super

299 1869 512 1934 exercitum
535 1871 704 1932 veterem
720 1866 890 1949 legionis
912 1867 1023 1932 unius
1044 1866 1449 1950 duarumque'alarum

299 1976 340 2037 et
362 1967 589 2035 cohortium
613 1958 762 2050 trium',
779 1967 833 2033 ubi
849 1966 1021 2035 Suetonius
1037 1969 1069 2061 in
1085 1970 1221 2053 legionis
1238 1989 1317 2036 voce
1333 1969 1449 2053 plurali

298 2090 429 2138 numero
452 2090 526 2136 usus
549 2070 618 2136 sine
634 2068 732 2135 dubio
749 2068 939 2136 rhetoricam
956 2069 1155 2155 hyperbolen
1171 2070 1328 2138 adhibuit.
1365 2071 1449 2138 Nam

297 2174 429 2240 Tacitus
453 2179 484 2238 et
508 2191 602 2237 unam
624 2171 726 2236 solam
753 2170 914 2252 legionem
937 2171 1074 2239 Galbam
1096 2171 1350 2239 introducentem
1372 2173 1450 2240 lacit

299 2294 403 2360 neque
433 2275 498 2340 alio
527 2273 599 2338 loco
627 2273 761 2337 alteram
789 2272 938 2338 aGalba
966 2274 1081 2340 lectum
1109 2293 1181 2341 esse
1210 2283 1448 2342 commemorat.

296 2383 403 2462 Atque
419 2375 502 2442 hanc
517 2394 612 2440 unam
628 2393 649 2438 a
663 2371 769 2440 Galba
784 2373 995 2458 conscriptam
1018 2376 1178 2458 legionem
1194 2395 1264 2443 esse
1279 2377 1448 2460 septimam

298 2499 340 2546 ex
362 2479 477 2546 eodem
499 2482 630 2543 auctore
646 2475 858 2559 comperimus
872 2480 903 2559 ¹),
926 2478 1029 2560 quiin
1045 2479 1150 2563 eapite
1168 2483 1203 2543 11
1224 2479 1328 2544 libriI
1349 2477 1449 2546 histo·

297 2583 415 2648 riarum
439 2579 564 2647 scribit:
592 2569 754 2661 ‘septumo
775 2597 796 2643 a
818 2577 924 2645 Galba
951 2571 1145 2663 conscripta'
1159 2583 1200 2662 ²),
1224 2581 1449 2664 legionemque

296 2683 426 2766 saepius
446 2678 628 2764 ‘septimam
650 2670 857 2746 Galbianam'
882 2686 938 2746 aut
956 2674 1164 2749 ‘Galbianam
1192 2673 1366 2766 legionem'
1394 2703 1448 2748 no·

298 2784 437 2859 minati)
482 2781 571 2847 Haec
600 2781 793 2846 deliberanti
823 2782 954 2848 dubium
985 2803 1055 2851 esse
1079 2805 1142 2852 non
1164 2791 1287 2868 potest,
1311 2783 1387 2866 quin
1410 2801 1449 2850 ea

297 2885 400 2967 legio,
430 2903 525 2966 quum
549 2882 680 2948 Tacitus
703 2884 863 2965 legionem
887 2885 1064 2970 Hispanam
1087 2887 1245 2970 appellet,
1269 2887 1355 2970 legio
1378 2904 1447 2969 sep·

295 2988 374 3050 tima
396 2986 445 3050 sit.

382 3085 447 3153 Sed
471 3106 509 3152 eo
532 3087 597 3152 iam
620 3086 704 3152 unde
728 3086 865 3168 digressi
888 3107 1010 3173 sumus,
1033 3096 1246 3173 revertamur,
1269 3107 1385 3172 nempe
1406 3087 1449 3154 ad

296 3189 401 3256 Taciti
425 3189 526 3254 verba
548 3189 721 3254 narrantis:
747 3181 893 3255 ‘inducta
921 3191 1049 3273 legione
1072 3191 1234 3274 Hispana,
1264 3195 1449 3256 remanente

299 3311 356 3375 ea,
387 3311 483 3374 quam
514 3310 532 3357 e
554 3291 658 3356 classe
681 3290 766 3356 Nero
797 3283 1056 3375 conscripserat'.
1101 3292 1214 3375 ltaque
1237 3291 1290 3359 hic
1312 3311 1448 3358 comme·

387 3545 410 3607 1)
428 3541 503 3595 Idem
516 3541 625 3598 (lessius
643 3542 695 3597 Dio
714 3544 839 3610 testatur,
858 3542 905 3598 aed
917 3548 1025 3612 praeter
1037 3545 1178 3614 septimam
1196 3545 1312 3598 adalba
1331 3548 1449 3597 creatam

296 3639 357 3680 esse
370 3623 437 3680 dicit
446 3626 527 3679 etiam
536 3626 666 3695 legionem
679 3627 700 3682 Ι.
709 3627 770 3682 adi.
782 3626 820 3694 tin
830 3642 890 3696 cap.
902 3631 935 3681 24
946 3627 1009 3683 libri
1019 3632 1065 3697 55;
1084 3627 1119 3684 cf.
1133 3645 1159 3697 p.
1174 3633 1203 3682 10
1212 3628 1275 3683 adn.
1286 3631 1320 3692 1),
1348 3627 1449 3682 Errare

297 3713 388 3764 autern
408 3709 524 3765 Diouem
542 3711 570 3764 in
587 3711 640 3766 hac
658 3725 689 3766 re
705 3711 777 3766 infra
795 3713 997 3782 explicabimus.

383 3797 408 3859 2)
426 3793 532 3850 Nomen
550 3810 657 3864 quoque
675 3795 755 3850 unius
772 3795 863 3850 militis
881 3796 993 3864 legionis
1008 3797 1067 3852 VH.
1085 3797 1113 3852 in
1125 3796 1257 3866 Hispania
1274 3797 1391 3852 adaloa
1409 3795 1448 3851 di·

295 3880 360 3934 lecti
380 3879 493 3934 Tacitus
516 3880 600 3936 tradit
621 3881 695 3946 (hist.
715 3881 755 3934 111
768 3884 824 3948 25):
843 3875 941 3936 ‘Iulius
959 3881 1118 3937 Mansuetus
1137 3897 1170 3936 ex
1186 3881 1326 3951 Hispania,
1345 3881 1450 3951 Rapaci

293 3965 393 4033 legioni
411 3964 529 4031 additus,
541 3965 677 4035 impubem
689 3967 772 4023 lilium
790 3967 862 4022 domi
874 3967 998 4035 liquerat.
1028 3967 1055 4022 Is
1074 3983 1135 4022 mox
1148 3968 1264 4032 adultus,
1278 3968 1348 4021 inter
1365 3967 1448 4037 septi·

294 4065 390 4105 manos
410 4065 427 4105 a
445 4051 534 4106 Galba
551 4047 735 4120 couscriptus'
753 4056 781 4107 et
798 4068 822 4121 q.
841 4067 863 4106 s.

380 4141 406 4202 3)
423 4136 494 4192 Hist.
513 4136 599 4203 11sc;
617 4136 700 4205 111r;
718 4137 813 4193 1111o.
