3318 4970
639 1248 784 1319 CAPUT
806 1251 867 1330 IV„

382 1397 442 1476 lic
469 1401 611 1500 lepione
637 1399 674 1477 I.
703 1401 897 1480 Adiutrice
923 1405 959 1480 iu
986 1401 1119 1481 Dacia

257 1576 330 1644 Duo
358 1574 444 1642 tituli
473 1579 698 1640 veteranorum
721 1574 859 1658 legionis
882 1575 915 1640 in
938 1575 1043 1642 Dacia
1063 1575 1164 1662 Apuli
1186 1584 1335 1662 exstant,;

170 1699 306 1762 quorum
335 1679 418 1744 alter
444 1680 486 1755 (n.
503 1678 557 1754 47)
575 1669 663 1760 ‘pro
691 1677 828 1743 salute
856 1678 947 1762 imp.
970 1678 1132 1745 Nervae
1154 1681 1326 1748 Traiani

171 1771 330 1847 Dacici’
356 1779 525 1846 dedicatus
548 1783 606 1846 est.
644 1778 772 1845 Annum
796 1798 885 1862 vero,
909 1781 961 1846 cui
976 1781 1087 1848 titulus
1102 1783 1325 1850 attribuendus

170 1885 223 1966 sit,
245 1883 391 1948 terminis
414 1881 677 1950 circumscribere
699 1900 869 1965 possumus
892 1888 1075 1966 propterea,
1099 1884 1187 1967 quod
1202 1892 1234 1952 et
1249 1905 1325 1970 aog-

169 2003 288 2051 nomen
304 1983 465 2068 Optimus,
488 1982 575 2067 quod
590 1982 667 2048 inde
681 1983 723 2048 ab
738 2003 824 2050 anno
842 1988 913 2048 114.
930 1985 1081 2051 continuo
1104 1986 1137 2050 in
1159 1986 1324 2071 lapidibus

169 2087 341 2168 invenitur,
372 2084 435 2152 hoc
464 2085 497 2150 in
526 2085 619 2151 titulo
642 2084 855 2171 desideratur,
886 2093 919 2151 et
940 2086 1028 2170 quod
1050 2087 1177 2154 titulum
1199 2108 1324 2156 sacrum

169 2194 243 2273 post
265 2188 353 2254 bella
369 2187 492 2254 Dacica
507 2187 640 2253 Traiani
656 2194 824 2254 exaratum
840 2206 912 2254 esse
934 2207 993 2271 per
1015 2207 1050 2254 se
1072 2197 1322 2260 consentaneum

170 2297 228 2358 est.
273 2291 387 2374 ltaque
410 2289 489 2355 certi
511 2288 591 2355 fines
613 2291 706 2356 annis
731 2293 801 2356 107.
825 2296 858 2356 et
881 2294 952 2355 114.
976 2291 1216 2358 constituuntur.

255 2393 347 2458 Alter
368 2393 480 2457 titulus
503 2393 545 2470 (n.
561 2394 625 2468 48.)
645 2385 871 2458 ‘Fortunae
894 2393 1105 2474 Augustae
1134 2401 1173 2460 et
1195 2394 1324 2464 Genio

169 2485 485 2563 Cenabensium'
511 2493 589 2560 aL.
614 2492 695 2558 Silio
717 2493 861 2560 Maximo
889 2499 1044 2560 veterano
1073 2491 1241 2564 dedicatus
1264 2503 1323 2582 est,

169 2598 226 2680 qui
244 2589 413 2680 ‘primus
442 2586 705 2678 magistrans'
732 2595 765 2660 in
793 2594 926 2664 canabis
948 2600 1091 2662 vocatur.
1136 2594 1207 2674 Quo
1229 2599 1329 2676 titulo

168 2706 244 2784 post
267 2699 354 2766 bella
370 2698 493 2765 Dacica
515 2717 555 2764 eo
578 2698 662 2782 loco,
685 2716 750 2780 quo
767 2699 843 2766 urbs
859 2697 1000 2782 Apulum
1015 2702 1130 2781 postea
1150 2699 1323 2768 aedificata

171 2808 249 2885 erat,
273 2801 382 2868 vicum
404 2801 600 2867 canabarum
621 2801 760 2883 legionis
782 2799 950 2867 cuiusdam
971 2799 1071 2866 fuisse
1094 2799 1258 2870 docemur.

256 2903 392 2970 Duobus
420 2903 518 2986 igitur
539 2901 641 2968 titulis
662 2902 800 2985 legionis
822 2901 944 2969 ibidem
966 2902 1114 2986 repertis,
1143 2923 1216 2970 cum
1238 2907 1322 2974 alter

170 3011 341 3072 veteranus
363 3023 398 3072 se
413 3005 552 3088 primum
567 3005 788 3088 magistratum
805 3004 999 3072 canabarum
1015 3004 1177 3072 exstitisse
1192 3006 1321 3076 disertis

169 3107 278 3173 verbis
300 3107 518 3189 glorietur-
541 3107 597 3190 qui
619 3106 721 3174 honos
743 3106 879 3172 fortasse
902 3107 933 3172 ei
949 3107 1151 3190 potissimum
1166 3115 1320 3178 veterano

168 3207 338 3275 mandatus
367 3215 429 3293 est,
458 3209 513 3293 qui
541 3210 575 3274 in
603 3209 718 3277 eadem
747 3209 877 3292 legione
884 3258 893 3294 ‚
927 3209 1017 3276 ouius
1046 3215 1137 3276 erant
1165 3211 1319 3294 canebas,

169 3309 332 3394 stipendia
353 3317 570 3376 meruerat-
585 3329 641 3378 eas
663 3311 801 3393 legionis
815 3311 841 3376 l.
857 3311 1034 3378 Adiutricis
1056 3310 1197 3378 canebas
1219 3311 1319 3378 fuisse

169 3413 267 3478 facile
297 3411 527 3478 concludimus.
570 3412 639 3478 lam
669 3433 748 3478 vero
777 3432 850 3479 cum
879 3413 1023 3479 oanabae
1051 3430 1179 3494 semper
1207 3414 1320 3482 castris

168 3515 295 3582 stativis
317 3515 455 3598 legionis
477 3515 662 3598 applicatae
677 3514 805 3597 fuerint,
827 3514 989 3596 legionem
1004 3513 1029 3578 I.
1046 3513 1246 3580 Adiutricem
1261 3535 1321 3598 per

169 3623 296 3700 tempus
318 3617 517 3698 aliquantum
540 3615 638 3700 Apuli
661 3615 838 3683 tetendisse
860 3615 1006 3682 efficitur.
1321 3611 1325 3617 ’

256 3716 379 3796 Quodsi
401 3717 537 3783 alterum
559 3718 687 3786 titulum
708 3718 791 3784 inter
812 3735 913 3784 annos
938 3721 1008 3782 107.
1031 3722 1064 3782 et
1087 3719 1158 3782 114.
1181 3720 1320 3801 positum

169 3839 242 3888 esse
274 3819 484 3903 probavimus
516 3824 550 3886 et
581 3821 616 3885 in
648 3820 750 3887 altero
783 3826 971 3886 veteranum
1008 3819 1145 3903 legionis
1181 3821 1320 3904 primum

168 3923 309 4006 gessisse
332 3923 555 4005 magistratum
576 3923 610 3987 in
633 3921 764 3988 canabis
786 3921 1001 4004 praedicatur,
1023 3919 1082 3987 bos
1098 3920 1180 3988 duos
1195 3929 1318 3989 vetera-

167 4045 282 4092 norum
304 4025 414 4116 ¹titulos
435 4024 528 4116 initio
550 4024 636 4090 illius
660 4023 756 4106 spatii
778 4022 894 4089 tribuo.
938 4022 1052 4105 ltaque
1076 4041 1118 4088 ex
1145 4023 1207 4108 his,
1236 4031 1320 4108 quae

168 4127 275 4210 attuli,
298 4126 496 4209 argumentis
518 4126 597 4193 satis
618 4125 758 4209 perspici
779 4130 888 4208 potest¹
900 4125 1062 4208 legionem
1077 4123 1317 4259 I.*Adiutricem

1081 4227 1096 4277 e
