3198 4974
807 1111 952 1182 CAPUT
973 1113 999 1181 Ι.

478 1263 557 1358 Quo
584 1287 633 1342 ooo
653 1267 759 1363 sonte
785 1263 960 1366 Dionysii
982 1262 1328 1343 Holu‘ournossonsr's

587 1392 659 1462 ont.
687 1383 792 1462 Rom.
822 1379 991 1461 Vos-7
994 1382 1017 1460 7
1039 1386 1227 1486 fluxorr'nt.

405 1574 535 1641 Etenim
549 1574 753 1642 Licinium
769 1573 959 1656 Maurum,
983 1592 1080 1657 quem
1094 1592 1193 1658 snpra
1212 1571 1365 1656 diximus,
1388 1591 1485 1640 anna·

320 1677 400 1743 lium
422 1677 631 1762 scriptorem,
661 1695 704 1743 ex
731 1679 828 1758 gente
850 1674 909 1740 illa
929 1673 1062 1758 plebeia
1084 1673 1272 1760 oriundum,
1295 1674 1387 1743 ouius
1410 1676 1484 1742 olim

321 1777 357 1847 0.
373 1777 518 1846 Lieinius
540 1777 632 1845 Stolo
654 1796 720 1843 uua
742 1795 815 1842 oum
837 1773 951 1842 Sextio
974 1775 1103 1859 collega
1125 1777 1324 1844 aemulatum
1347 1797 1368 1844 a
1389 1779 1487 1862 patri·

320 1877 380 1947 bus
396 1884 651 1965 expugnaverat,
666 1896 750 1944 anno
765 1897 796 1942 a
811 1895 842 1942 u.
858 1895 886 1942 o.
903 1877 1019 1957 681173
1037 1895 1068 1942 a.
1081 1874 1154 1944 Ghr.
1171 1898 1204 1943 n.
1219 1878 1384 1947 tribunatu
1397 1881 1485 1948 fuae·

320 1987 388 2049 tum
417 1999 489 2048 esse
518 1981 712 2066 auoepimus.
763 1975 836 2057 Quo
865 1978 899 2044 in
926 1979 1118 2062 magistratu
1145 1978 1305 2064 gerendo,
1332 1982 1361 2048 si
1389 1982 1485 2050 modo

321 2081 468 2150 Sallustii
490 2080 598 2166 crispi
620 2079 826 2148 historiarum
848 2080 1028 2163 fragmemo
1044 2079 1174 2147 auidam
1197 2080 1314 2160 (11148
1331 2081 1485 2151 salium·

320 2184 441 2266 renbr.)
461 2183 544 2251 fides
567 2181 718 2250 habenda
741 2187 806 2266 est,
829 2182 1033 2265 optimatium
1055 2182 1314 2250 inimioissimum
1335 2202 1372 2251 se
1393 2204 1484 2268 prae·

320 2287 390 2354 buit
413 2291 445 2353 et
466 2285 560 2370 quasi
581 2285 740 2352 maiorum
761 2303 892 2352 suornm
916 2289 949 2349 et
969 2283 1100 2351 omniuo
1117 2285 1335 2367 antiquiorum
1357 2286 1485 2354 illorum

319 2388 429 2472 plebei
450 2389 529 2455 iuris
550 2391 827 2471 propugnatorum
849 2385 1029 2452 aemulator
1058 2405 1183 2454 summo
1213 2384 1485 2474 infestissimoque

321 2489 398 2558 odio
420 2491 593 2575 optimates
621 2493 811 2573 perseeutus
833 2493 897 2570 est,
927 2485 1075 2554 defendit
1102 2489 1260 2556 aoerume
1282 2490 1485 2574 popularium

319 2598 440 2678 partes.
477 2590 682 2674 Quamquam
698 2589 785 2656 enim
807 2589 911 2656 oratio
934 2590 992 2656 illa
1005 2589 1131 2658 Lieinio
1154 2591 1283 2658 tribuno
1298 2591 1343 2658 ad
1357 2592 1486 2674 plebem

320 2693 442 2774 habita,
472 2712 557 2777 qnae
585 2699 767 2777 temporum
796 2691 1000 2775 iniquitatem
1030 2691 1160 2776 effugit,
1189 2693 1269 2777 quin
1290 2712 1313 2759 a
1334 2691 1486 2762 Sallustio

320 2796 393 2880 ipso
416 2796 594 2878 eomposita
615 2794 667 2877 sit,
690 2795 748 2860 vix
770 2793 905 2861 dubium
927 2800 994 2876 est,
1017 2800 1125 2862 umen
1146 2813 1260 2863 verum
1281 2793 1402 2862 Lioinii
1425 2797 1485 2881 spi·

320 2898 418 2964 ritum
440 2898 547 2964 inesse
570 2902 619 2964 est
641 2902 903 2964 musantaueum.
939 2893 1036 2975 Quod
1052 2916 1091 2963 eo
1113 2897 1294 2981 promptius
1317 2897 1486 2980 oonuedes,

320 3000 348 3068 si
363 2998 552 3066 Sallustium
575 2999 640 3066 iam
662 2999 853 3066 vioesimum
875 2997 944 3064 iere
965 3017 1085 3066 aunum
1108 2999 1215 3082 egisse
1237 3001 1485 3083 computaveris,
1572 2999 1573 3014 ¹

320 3121 393 3170 oum
408 3101 562 3190 Liuinius,
578 3107 614 3168 ut
628 3101 738 3185 fertur,
761 3104 898 3167 mortem
913 3099 976 3168 sibi
990 3101 1214 3168 oonsoiseeret
1251 3100 1371 3168 Nostro
1389 3101 1486 3186 igitur

319 3206 389 3271 iure
405 3202 574 3272 eradamus
586 3203 746 3270 Liuinium
761 3221 878 3286 reapse
892 3202 972 3268 talia
987 3220 1086 3286 saepe
1101 3221 1210 3270 eoram
1224 3202 1323 3286 plebe
1337 3204 1485 3289 iaetasse,

320 3306 431 3391 qualia
445 3303 619 3372 Sallustius
643 3323 715 3372 eum
738 3303 899 3370 dicentem
921 3303 1015 3372 fauit:
1038 3305 1198 3372 auerrime
1215 3305 1420 3388 optimatium
1441 3309 1485 3373 in·

319 3409 430 3492 iurias,
452 3406 628 3490 liuentiam,
650 3407 834 3489 avaritiam,
856 3405 1091 3491 impudentiam
1113 3406 1308 3490 castigarem
1331 3409 1486 3492 pristinae

318 3510 424 3595 plebis
461 3509 636 3594 imaginem
665 3508 875 3592 proposuisse
908 3507 1034 3575 iortiter
1062 3526 1123 3590 pro
1151 3525 1251 3574 eausa
1279 3527 1339 3575 sua
1363 3529 1482 3597 propu-

320 3613 465 3697 guantis3
491 3612 678 3695 aequalium
701 3611 905 3694 vituperasse
927 3608 1111 3676 sooordiam
1133 3627 1173 3674 ao
1195 3607 1418 3696 torpedinem3
1451 3632 1485 3678 se
1571 3601 1572 3604 '

320 3723 439 3797 tamem
463 3714 611 3796 quamvis
633 3712 668 3778 in
683 3711 739 3778 via
760 3711 1044 3794 periculosissima,
1067 3711 1265 3795 praeiturum
1281 3731 1355 3780 esse
1369 3715 1486 3798 promi·

320 3817 411 3883 sisse.
449 3812 545 3893 Quod
567 3814 596 3880 si
617 3819 705 3880 reete
727 3813 906 3893 statuimus,
930 3813 1069 3897 quisset
1090 3812 1255 3880 annalium
1269 3812 1485 3883 Romanmum

319 3917 374 3983 vel
396 3915 602 3983 mediooriter
623 3915 756 3999 peritus,
779 3916 836 3998 qui
858 3916 999 3999 dubitet,
1021 3915 1099 4000 quin
1118 3915 1273 3999 Licinius,
1296 3921 1409 4000 utpote
1431 3919 1485 4002 qui

321 4023 411 4083 tanto
435 4016 542 4084 studio
559 4017 755 4084 contentioni
776 4017 917 4100 partium
932 4017 1004 4101 ipse
1026 4017 1205 4101 interesset,
1228 4017 1327 4084 etiam
1342 4020 1377 4085 in
1391 4020 1486 4087 rebus

322 4118 510 4190 enarrandis
539 4119 679 4202 partium
709 4118 871 4186 studiosus
900 4119 1021 4186 fuerit?
1050 4117 1122 4198 Qua
1144 4138 1186 4186 ex
1209 4137 1245 4186 re
1267 4119 1423 4205 eiiioitur,
1452 4128 1485 4186 ut
1570 4095 1571 4124 ³
