3270 4968
454 400 495 456 De
513 401 635 458 codicum
653 399 852 458 Isocrateorum
870 402 1040 458 auctoritate.
1284 403 1323 461 87

259 573 372 641 (ludici
406 593 444 640 eo
482 581 643 658 tempore,
681 594 744 658 quo
777 577 1016 658 conglutinatus
1049 581 1106 659 est,
1141 581 1213 642 coto
1246 577 1325 642 lolia

174 677 344 745 chartacea
366 676 547 759 anteposita
569 682 650 758 sunt,
681 695 814 759 quorum
844 677 982 761 primum
1005 683 1189 762 tegumento
1212 680 1324 762 agglu-

174 781 325 862 tinatum,
360 777 506 861 quintum
539 779 684 846 evulsum
719 784 776 845 est.
822 777 1005 846 Secundum
1038 787 1166 862 praeter
1198 781 1324 846 titulum

174 901 271 966 supra
293 885 576 947 commemoratum
592 878 673 946 baec
688 879 789 946 verba
804 881 960 946 continet:
984 879 1120 958 „Codex
1133 889 1208 949 ante
1223 903 1325 950 annos

177 983 332 1050 ducentos
355 983 428 1065 plus
451 983 554 1048 minus
577 982 726 1065 scriptus,
751 981 893 1066 optimae
915 988 1021 1067 notae,
1051 1003 1093 1049 ex
1116 985 1222 1051 insula
1244 983 1325 1051 Obio

174 1086 338 1154 aduectus.
386 1088 477 1150 1606.
501 1083 576 1150 Fuit
598 1103 639 1151 ex
661 1083 753 1150 libris
775 1081 944 1151 Michaelis
967 1083 1157 1170 Sopbiani.“

261 1186 324 1266 Qui
347 1186 531 1269 Sophianus
554 1183 787 1252 eruditissimus
816 1185 849 1250 in
878 1187 984 1254 insula
1005 1185 1088 1254 chio
1117 1195 1210 1255 natus
1240 1189 1325 1256 circa

176 1310 293 1356 annum
320 1291 401 1354 1565
424 1287 553 1354 Patavii
575 1288 643 1354 vita
664 1287 805 1354 decessit
818 1290 849 1369 ¹),
873 1289 963 1355 euius
986 1307 1028 1354 ex
1050 1289 1247 1357 bibliotheca
1268 1290 1326 1356 alii

176 1411 303 1478 quoque
325 1392 400 1457 libri
422 1390 631 1474 manuscripti
653 1409 737 1456 anuo
763 1393 843 1454 1606
873 1390 906 1455 in
935 1390 1167 1458 bibliothecam
1189 1392 1324 1459 Ambro-

174 1496 296 1562 sianem
319 1493 465 1559 translati
488 1499 568 1558 sunt.

260 1597 442 1680 Antequam
479 1594 584 1661 codex
617 1594 758 1678 simplici
791 1594 978 1660 membrana
1011 1601 1182 1679 tegeretur,
1217 1595 1326 1672 subtili

175 1698 350 1766 refectione
373 1717 453 1782 opus
476 1703 560 1780 erat;
589 1697 752 1779 margines
775 1695 860 1763 enim
889 1696 1038 1762 foliorum
1060 1695 1193 1763 lacerati
1216 1696 1328 1765 charta

175 1801 376 1884 agglutinata
397 1798 513 1866 firmati
536 1805 632 1882 atque
655 1798 835 1865 circumcisi
863 1804 945 1880 sunt,
976 1817 1039 1882 quo
1069 1799 1270 1882 factumest,
1292 1806 1328 1868 ut

178 1922 220 1969 ex
241 1902 292 1986 iis,
316 1920 399 1985 quae
422 1901 454 1966 in
477 1901 622 1985 margine
643 1906 755 1967 notata
777 1907 877 1982 erant,
900 1900 1054 1968 nonnulla
1076 1901 1251 1968 interirent.

260 2005 412 2070 Isocratis
435 2004 596 2070 orationes
618 2009 715 2086 atque
745 2003 903 2087 epistulae
932 2003 964 2067 in
995 2005 1035 2068 25
1065 2005 1327 2088 quaternionibus

177 2114 362 2174 octonorum
385 2103 535 2188 foliorum
566 2106 705 2189 scriptae
734 2111 815 2186 sunt,
844 2104 887 2170 ad
917 2124 997 2188 quos
1025 2104 1089 2173 duo
1119 2112 1151 2172 et
1180 2113 1328 2189 quattuor

176 2208 255 2278 lolia
266 2207 433 2275 accedunt.
470 2207 507 2273 In
523 2208 544 2272 f.
562 2204 639 2271 205b
654 2205 920 2291 subscriptionem
936 2208 1040 2290 prima
1050 2227 1147 2274 manu
1167 2208 1326 2275 adiectam

176 2309 297 2392 inveni,
327 2330 423 2394 quam
452 2316 487 2376 ut
515 2315 614 2375 totam
644 2309 853 2394 explicarem,
887 2308 967 2374 mibi
996 2330 1059 2376 non
1088 2309 1231 2392 contigit.
1276 2310 1326 2375 Ad

176 2420 303 2497 tempus
335 2419 457 2493 autem,
492 2431 555 2496 quo
589 2409 694 2477 codex
724 2417 874 2477 exaratus
908 2411 962 2494 sit,
997 2409 1213 2477 definiendum
1247 2410 1327 2476 nibil

174 2515 330 2582 adiuvare
352 2513 488 2581 videtur.

262 2617 374 2683 Altera
389 2614 509 2682 codicis
524 2633 609 2698 pars,
626 2633 709 2697 quae
724 2612 898 2680 Aristidem
915 2612 1055 2696 exbibet,
1072 2614 1091 2677 8
1104 2615 1328 2696 quaterniones

176 2725 273 2802 atque
303 2724 472 2803 praeterea
499 2736 596 2782 unum
626 2715 740 2782 solium
770 2716 920 2799 continet,
955 2713 1042 2798 quod
1070 2735 1091 2779 a
1120 2717 1329 2798 quaternione

177 2822 274 2905 pleno
297 2819 467 2888 discissum
496 2819 529 2884 in
558 2817 670 2886 codice
698 2838 782 2884 nunc
810 2817 1044 2901 agglutinatum
1074 2825 1131 2883 est.
1176 2817 1328 2884 Oodicem

176 2930 285 2990 autem
307 2921 460 2989 Aristidis
481 2940 628 2989 mancum
650 2940 721 2988 esse
751 2940 793 2986 ex
823 2918 944 2984 ultimis
977 2938 1105 3002 quoque
1138 2921 1246 2988 verbis
1280 2920 1330 2988 bis

176 3021 237 3103 ,ὃς
259 3029 421 3090 τοσοῦτον
443 3019 619 3099 ἅπαντας“
647 3022 854 3105 intellegitur.
900 3021 1053 3088 Extrema
1082 3022 1179 3088 totius
1209 3021 1330 3090 codicis

176 3128 266 3211 folia,
300 3146 383 3210 quae
416 3144 555 3192 canones
588 3126 806 3208 apostolorum
839 3130 936 3206 atque
965 3123 1104 3190 indicem
1133 3124 1328 3190 Isocrateum

179 3234 384 3312 exceperunt,
406 3229 609 3311 agglutinata
631 3233 711 3293 suut.

264 3328 355 3409 Quae
378 3330 483 3396 codex
505 3329 685 3396 Isocrateus
709 3348 822 3412 passus
838 3329 889 3412 sit,
912 3335 1084 3410 antequam
1100 3347 1172 3393 cum
1189 3327 1331 3394 Aristide

180 3433 434 3515 coniungerem,
457 3451 499 3498 ex
514 3432 664 3514 numeris,
687 3432 803 3514 quibus
819 3431 1045 3513 quaterniones
1060 3428 1231 3513 significati
1247 3436 1330 3514 sunt,

180 3534 391 3618 cognoscitur.
435 3533 606 3600 Nonnullis
629 3534 714 3599 enim
737 3534 835 3612 foliis,
859 3551 943 3616 quae
959 3533 1093 3600 relectio
1108 3531 1165 3596 illa
1180 3551 1243 3598 non
1258 3534 1331 3598 atti·

180 3638 237 3721 git,
261 3635 504 3719 quaternionum
527 3636 650 3702 numeri
674 3637 793 3702 servati
822 3642 909 3702 sunt:
932 3632 961 3699 κ’
985 3635 1018 3712 (1.
1044 3636 1105 3717 73),
1130 3630 1189 3697 κα’
1211 3635 1244 3708 (1.
1268 3637 1331 3719 81),

178 3736 234 3819 κς’
257 3739 291 3817 (1.
310 3738 393 3821 121),
416 3735 469 3817 κζ’
487 3739 520 3814 (1.
539 3741 622 3820 129),
646 3734 702 3821 κη’
727 3737 759 3814 (1.
779 3740 861 3820 131),
886 3734 951 3801 κθ’
965 3739 998 3815 (1.
1017 3739 1100 3822 145),
1123 3734 1180 3800 λα’
1197 3737 1230 3812 (1.
1250 3740 1332 3821 161),

178 3858 383 3868 -ι--ι

265 3910 290 3972 1)
308 3905 343 3961 51.
362 3903 565 3974 Bibllographie
588 3902 756 3974 Hellenique,
779 3919 830 3973 par
853 3890 941 3959 Emlle
965 3903 1100 3974 Legrand,
1124 3907 1197 3960 tome
1220 3905 1331 3970 second,

178 4007 206 4061 p.
227 3991 346 4059 1681116.
381 3988 460 4043 Paris
480 3991 555 4043 1885.
589 3987 710 4056 „Micbel
728 3989 881 4058 Sopbianos
899 3995 1008 4044 mourut
1030 3988 1086 4043 trds
1108 4004 1162 4058 peu
1185 3989 1219 4044 de
1243 3994 1332 4059 temps

179 4075 322 4144 (quelques
339 4073 408 4131 mois
426 4077 488 4130 tout
506 4088 541 4128 au
558 4073 629 4142 plus)
641 4078 723 4128 arant
735 4073 833 4130 Beuoit
846 4073 957 4140 Varcbi,
976 4074 1022 4144 qui
1035 4074 1192 4143 succumbe,
1211 4078 1333 4141 5111565,

179 4161 196 4215 a
213 4175 268 4215 une
285 4164 397 4230 altaque
413 4159 609 4231 d’apoplexie“.
