3134 4986
464 389 642 472 Quaesumus
660 400 867 459 Posidonianue.
1181 399 1244 460 net

93 575 255 648 Posidonii
285 576 479 651 mentionem
507 576 601 658 feeit,
635 581 744 642 tamen
774 574 847 652 eum
875 593 939 642 uon
968 574 1148 656 ignorabat.
1193 576 1244 656 An

92 698 153 750 nou
176 678 292 745 exindo
315 677 402 762 qnod
423 675 611 762 philosophi
627 671 962 760 Apamei‘lllementa
976 669 1240 762 meteorologioa’

92 781 317 845 commentario
333 779 525 862 inlustravit,
543 780 751 863 consequitur
770 798 843 844 eum
859 779 1023 862 peculiare
1038 778 1087 842 illi
1102 777 1244 844 studium

90 879 308 962 impendisse?
352 880 419 951 Sed
442 879 523 951 haee
544 880 710 952 haetenus.
753 880 892 949 Possunt
912 881 1015 946 multa
1035 879 1102 946 alia
1123 877 1244 945 adferri

90 981 203 1064 quibus
224 989 376 1067 arguatur
398 983 444 1058 nil
459 1002 531 1050 esse
547 1000 664 1052 eausne
679 1001 779 1066 quare
794 981 966 1056 Geminum
980 980 1244 1058 mathematicum

89 1085 347 1167 ameteorologo
370 1084 533 1158 diversum
556 1105 628 1156 esse
649 1090 814 1169 putemus:
837 1102 948 1160 verum
971 1082 1052 1150 mihi
1067 1081 1244 1168 prueoipnu

90 1183 249 1257 delibasse
276 1187 355 1256 satis
384 1191 442 1252 est.
450 1187 471 1263 ¹)
516 1187 639 1252 Tamen
669 1184 730 1253 hoo
758 1205 855 1262 unum
885 1185 1067 1262 addiderim
1091 1185 1178 1268 quod
1200 1185 1244 1260 ud

90 1292 228 1362 noenum
251 1286 293 1354 de
308 1287 445 1354 Gemino
463 1289 653 1354 seutentiam
669 1287 945 1364 conroborandam
960 1308 1023 1355 non
1038 1286 1120 1364 nihil
1135 1287 1243 1362 funere

89 1386 246 1462 videatur.
270 1388 402 1460 Constat
417 1390 566 1468 nimirum
577 1388 748 1466 Geminum
759 1387 1021 1466 mathematicum
1033 1389 1131 1468 etiam
1142 1395 1243 1466 astro·

88 1490 213 1560 nomiae
243 1509 376 1574 oporam
405 1511 554 1568 navasse.
599 1490 693 1570 Quod
716 1511 758 1561 ex
780 1511 820 1570 eq
841 1511 876 1570 re
898 1493 1000 1575 liquet
1021 1491 1108 1574 qnod
1131 1492 1187 1558 ille
1210 1491 1244 1556 in

88 1609 185 1674 opere
208 1611 267 1664 suo
287 1585 387 1675 ‘aopi
408 1594 468 1680 τῆς
489 1595 556 1657 τῶν
573 1590 787 1680 μαθημάτων
802 1585 940 1670 τάξεως’
966 1594 1121 1676 singulari
1137 1595 1243 1678 eapite
1289 1637 1293 1646 ι

86 1692 174 1764 illam
197 1695 364 1763 seientiam
387 1697 538 1772 trartavit
558 1695 611 1772 (of.
634 1696 739 1765 Prool.
761 1695 783 1760 l.
799 1696 820 1760 l.
843 1715 874 1778 p.
891 1700 943 1777 41,
963 1697 1139 1774 19—24).²)

169 1795 232 1862 His
261 1797 400 1880 pernotis
423 1797 488 1870 inm
511 1796 736 1880 inquirendum
759 1803 808 1864 est
830 1799 983 1880 quatere
1005 1805 1111 1876 aetate
1135 1798 1243 1878 Gauri·

86 1917 143 1970 uns
165 1896 273 1964 ιιιιιιίι.
309 1899 417 1981 Atque
440 1900 608 1974 terminum
630 1918 727 1982 quem
743 1892 883 1966 voouut‘
886 1908 959 1982 post
974 1918 1071 1982 quem
1111 1919 1150 1969 eo
1165 1920 1242 1978 nau·

85 1999 236 2070 oisoimur
259 2001 346 2083 quod
368 2001 562 2071 Posidonius
584 1999 756 2068 aGemiuo
779 2001 938 2082 laudatur,
961 2003 1132 2079 terminum
1147 2003 1243 2080 viais-

85 2102 143 2174 sim
163 2095 255 2176 ‘ente
278 2122 372 2186 quem
413 2124 452 2170 eo
476 2069 595 2187 quod
586 2123 657 2187 rpse
679 2102 834 2171 Geminus
856 2104 898 2170 ab
912 2103 1100 2178 Alexandro
1116 2103 1242 2188 Aphro·

85 2203 187 2271 disieo
227 2207 305 2280 citat
306 2226 344 2282 ur
377 2225 473 2288 quem
505 2205 606 2272 suh
597 2205 733 2287 imperio
767 2203 917 2288 Septimii
950 2205 1065 2282 Severi
1096 2204 1243 2280 floruisse

84 2307 201 2382 seimus
231 2307 281 2382 (of.
306 2307 476 2391 Philopon.
492 2306 536 2377 nd
555 2299 663 2381 tAnni.
685 2297 783 2390 pr.’s
767 2307 822 2375 sol.
838 2303 930 2389 tab).
976 2308 1096 2384 Verum
1117 2316 1168 2374 art
1168 2310 1242 2386 iori-

83 2407 141 2480 bns
172 2409 320 2474 terminis
350 2407 479 2478 Gemini
509 2416 656 2492 tempora
688 2409 906 2486 oiroumsoribi
933 2417 1067 2492 possunt
1095 2409 1242 2486 adhibito

83 2508 154 2580 loon
171 2511 317 2592 quodam
329 2503 522 2594 ‘isagoges'.
552 2511 710 2588 Famosnr
726 2516 775 2580 est
788 2511 846 2579 ille
861 2512 951 2579 loeus
967 2511 1008 2577 de
1024 2512 1096 2580 Isiis
1111 2515 1241 2598 Aegyp

82 2611 175 2684 tiaris
206 2613 260 2688 (oi,
280 2603 380 2680 ‘intr'
406 2615 522 2697 oapV
543 2634 575 2697 p.
594 2617 632 2679 19
652 2605 774 2685 ‘Ureu'
799 2613 881 2691 Pet.)
905 2613 995 2678 ouius
1018 2632 1081 2698 ope
1110 2615 1240 2698 quaudo

80 2704 308 2790 ‘introductio'
333 2717 515 2800 conscripta
537 2717 580 2791 eit
604 2721 655 2785 sut
679 2714 833 2790 adcurate
860 2733 971 2784 eruere
993 2718 1079 2794 lieet.
1114 2717 1241 2792 Disore-

82 2823 160 2896 peut
182 2837 263 2892 saue
281 2817 460 2902 paullulum
476 2817 641 2894 homiuum
657 2816 823 2883 doctorum
838 2819 1016 2892 sententiae
1032 2819 1073 2884 de
1089 2821 1242 2904 temporis

81 2923 159 2989 uota
178 2939 224 2987 ex
239 2920 301 2986 isto
317 2919 388 2985 loeo
403 2919 560 3002 petenda:
583 2939 658 2992 uam
674 2939 746 2986 oum
762 2918 915 2996 Potavius
932 2919 983 2998 (of.
998 2922 1041 2986 l.
1032 2943 1052 2987 1.
1069 2942 1101 3004 p.
1116 2925 1240 2998 want.)

82 3021 324 3103 computatione
347 3021 492 3086 instituta
513 3022 691 3087 invenisset
712 3041 831 3089 annum
852 3042 873 3088 a
893 3021 967 3090 Chr.
990 3031 1054 3100 nat
1070 3025 1241 3109 LXXVII3

81 3119 342 3198 Boeokhiustef.
356 3103 431 3194 ΠΙ).
450 3123 480 3188 d.
498 3122 590 3205 rierj,
607 3122 787 3191 Sonnenkr.
804 3124 835 3188 d.
851 3121 961 3193 Alteu'
987 3121 1095 3212 [1863]
1118 3147 1149 3210 p.
1165 3127 1241 3204 203)

80 3243 184 3300 annos
208 3223 505 3308 LXXIII—LXX5
535 3225 679 3302 Blassius
702 3225 753 3300 ted.
777 3227 846 3292 eins
869 3245 938 3308 prg.
962 3227 1015 3292 eit
1037 3231 1240 3310 polenses

79 3325 407 3402 LXXIII-LXVII:
438 3328 590 3410 Tannery
616 3327 711 3400 aliter
732 3328 873 3404 rationes
896 3329 1017 3397 rettulit
1041 3330 1092 3408 (of.
1113 3323 1240 3412 ‘iidem

79 3424 143 3502 ur?
170 3449 203 3512 p.
228 3431 268 3492 30
297 3431 426 3512 proxx.)
461 3429 664 3514 ostenditque
691 3421 994 3498 ‘Introductionem’
1026 3432 1137 3515 ntique
1167 3440 1242 3516 post

78 3550 201 3604 annum
232 3551 261 3596 a.
286 3528 359 3608 Chr.
390 3537 500 3596 uatum
521 3531 675 3616 LXX,f
660 3533 795 3604 fortasse
825 3551 902 3598 vero
931 3552 995 3610 nou
1024 3540 1099 3609 aute
1121 3555 1239 3600 annum

78 3653 107 3706 a.
120 3632 199 3710 Chr.
216 3637 281 3706 nat
294 3631 394 3708 XXX
408 3633 619 3716 perscriptam
637 3653 717 3700 esse.
740 3631 1239 3718 Quibqsequidemnihilhaheo

169 3823 194 3882 1)
214 3816 315 3880 Fusius
340 3814 538 3886 disputabitc.
552 3816 635 3874 Tittel
652 3818 699 3886 qui
717 3821 744 3872 et
761 3818 918 3886 scrupulum
937 3816 1045 3884 Manitii
1062 3820 1108 3886 (of.
1123 3815 1238 3884 ‘.Gomm

76 3895 225 3958 Fleckeis.’
243 3905 330 3967 [1890]
348 3918 375 3970 p.
392 3905 449 3961 102)
465 3902 569 3956 evellet.

168 3993 195 4055 2)
215 3987 342 4048 Getarum
359 3987 427 4050 hueo
440 3988 472 4044 de
484 3991 566 4053 rebus
579 3987 741 4050 caelestibus
754 3988 902 4056 disputatio
915 3991 996 4059 plene
1008 3991 1082 4054 uliud
1092 3993 1238 4054 eonsilium

76 4077 178 4134 secuta
196 4080 239 4130 est
256 4077 339 4140 atque
352 4066 535 4136 ιΙιιιιιιᾱιιοιιο
543 4066 565 4140 ἰ
582 4075 694 4142 insuper
705 4073 740 4129 ab
752 4073 805 4128 han
816 4081 973 4142 argumento
986 4081 1103 4140 tractato
1114 4077 1239 4146 aliquan·

75 4167 135 4214 tum
153 4158 307 4213 differebat.
1134 4219 1135 4222 Ἴ

133 4253 250 4308 Leipziger
263 4251 364 4296 Studien.
387 4251 463 4294 xvn.
1001 4248 1034 4299 26
