3318 4970
484 387 526 442 De
543 388 647 458 legione
664 387 847 445 Romanorum
865 391 887 446 1.
904 389 1054 446 Adiutrice.
1305 392 1344 453 37

189 561 344 628 militibus
378 561 564 644 legionariis
597 563 693 646 plane
726 562 847 628 nudata
880 569 964 629 erat:
998 571 1033 630 ut
1067 565 1153 631 enim
1184 565 1346 649 prioribus

189 661 387 744 temporibus
414 665 602 747 provinciae
632 664 812 747 complures
842 664 986 747 legiones
1016 667 1188 733 attributae
1217 668 1345 750 aranu),

188 763 236 829 sio
258 781 316 846 per
338 764 497 848 reliquum
520 785 648 849 quoque
670 772 807 849 tempus,
829 785 892 848 quo
916 767 1061 850 legiones
1084 787 1142 852 per
1164 773 1265 834 totum
1287 769 1345 833 im·

188 865 313 948 perium
329 866 508 932 Romanum
524 868 570 933 ita
585 867 751 950 dispersae
774 873 874 950 erant,
897 875 932 934 ut
953 868 1032 935 fines
1054 870 1095 936 ab
1111 869 1346 937 incursionibus

190 965 330 1034 hostium
345 967 564 1053 defenderent,
581 971 612 1035 in
626 971 696 1036 sola
708 970 849 1036 omnium
859 971 1027 1052 provincia
1038 971 1206 1055 Hispania,
1216 971 1347 1038 'etiamsi

188 1069 297 1135 vicina
312 1067 458 1136 hostibus
473 1091 537 1137 non
553 1077 629 1154 erat,
654 1077 761 1137 tamen
776 1091 841 1137 una
854 1071 941 1154 legio
957 1073 1181 1150 remanebat.²)
1219 1071 1346 1152 Quanto

188 1171 292 1253 magis
325 1171 528 1239 tumultuosis
557 1173 623 1239 illis
657 1174 855 1257 temporibus
888 1174 1149 1256 praecavendum
1182 1183 1261 1259 erat,
1294 1195 1346 1255 ne,

188 1278 359 1355 postquam
381 1273 414 1338 in
436 1275 532 1340 Italia
555 1273 752 1341 decertatum
783 1281 877 1357 esset,
907 1276 1021 1342 iterum
1045 1277 1077 1341 in
1099 1278 1275 1361 provinciis
1298 1283 1344 1343 tu-

188 1375 307 1439 multus
329 1373 434 1442 fieret!

274 1475 468 1558 Accedebat,
491 1477 588 1560 quod,
611 1495 683 1543 cum
706 1475 839 1544 Cluvius
863 1477 962 1544 Rufus
991 1481 1100 1562 specie
1128 1481 1291 1546 amicitiae
1314 1487 1347 1548 et

188 1579 358 1644 comitatus
373 1597 394 1642 a
410 1577 541 1643 Vitellio
557 1578 679 1644 Romae
695 1583 837 1644 retentus
855 1584 950 1661 esset,
974 1579 1133 1664 Hispania
1155 1587 1221 1647 tum
1237 1583 1346 1666 legato

188 1699 292 1746 vacua
315 1681 422 1756 erati)
467 1677 538 1757 Quo
565 1680 698 1746 absente
726 1680 864 1762 legionis
893 1681 1008 1747 saltem
1031 1682 1139 1764 legato
1162 1702 1243 1766 opus
1267 1691 1346 1768 erat,

188 1781 244 1864 qui
267 1799 410 1847 summae
432 1799 539 1847 rerum
561 1782 594 1846 in
616 1782 784 1866 provincia
805 1787 979 1864 praeesset.
1024 1781 1147 1860 Quibus
1176 1783 1217 1851 de
1240 1787 1347 1854 causis

189 1901 284 1947 unam
307 1880 469 1964 legionem
492 1887 558 1948 tum
580 1882 613 1946 in
635 1882 795 1966 Hispania
816 1884 1011 1950 remansisse
1033 1905 1092 1967 pro
1115 1891 1202 1954 certo
1225 1885 1346 1954 habere

187 2003 247 2050 nos
270 2002 365 2066 posse
387 1983 579 2067 putaverim.

273 2085 417 2150 Primum
432 2085 539 2168 igitur,
563 2091 598 2150 ut
613 2086 806 2168 summatim,
830 2104 914 2168 quae
928 2087 1129 2171 protulimus,
1151 2096 1346 2175 repetamus,

190 2187 277 2270 legio
306 2187 348 2253 X.
378 2184 524 2269 Gemina,
559 2207 655 2270 quam
690 2188 775 2254 bello
806 2187 962 2254 Batavico
996 2189 1179 2257 interfuisse
1212 2200 1346 2276 constat,

188 2291 297 2356 statim
320 2309 385 2354 una
406 2308 478 2356 cum
495 2289 610 2355 ceteris
625 2289 818 2372 legionibus,
842 2289 897 2354 ubi
919 2309 1009 2355 arma
1025 2298 1136 2357 contra
1150 2294 1345 2361 rebellantes

190 2390 370 2457 Germanos
392 2391 476 2456 ferre
499 2392 704 2456 constitutum
727 2396 785 2472 est,
808 2391 868 2455 iter
889 2409 1004 2473 parare
1027 2393 1114 2459 iussa
1136 2401 1195 2460 est.

274 2493 356 2558 Tum
372 2511 468 2558 unam
484 2492 616 2574 quidem
635 2493 795 2574 legionem
810 2491 987 2574 Hispaniae
1002 2493 1165 2576 praesidio
1180 2514 1346 2564 remanere

187 2611 320 2659 necesse
335 2593 436 2661 fuisse
451 2594 629 2660 statuimus.
661 2593 759 2675 Atqui
775 2593 921 2676 legiones
934 2593 987 2658 VI.
1000 2594 1173 2662 Victricem
1186 2603 1217 2662 et
1228 2597 1269 2663 X.
1283 2598 1345 2665 Ge·

186 2695 305 2760 minam
327 2696 360 2760 in
376 2695 580 2762 Germaniam
602 2693 776 2761 advenisse
798 2694 908 2777 ibique
927 2695 1014 2762 bello
1031 2695 1225 2764 Batavorum
1248 2701 1346 2767 inter-

188 2797 290 2863 fuisse
312 2797 432 2880 apertis
457 2796 564 2863 verbis
579 2796 712 2862 Tacitus
735 2801 878 2878 testatur,
902 2816 974 2863 cum
997 2797 1039 2863 de
1055 2799 1183 2881 legione
1198 2801 1223 2868 Ι.
1245 2802 1346 2868 Adiu-

186 2899 276 2980 trice,
310 2917 393 2982 quae
427 2899 543 2981 quibus
576 2898 671 2965 rebus
701 2897 890 2978 interfuerit,
924 2899 967 2964 ad
1001 2899 1035 2964 id
1062 2907 1188 2984 tompus
1218 2923 1345 2990 semper

277 3104 300 3168 1)
318 3101 405 3168 Quam
423 3098 606 3155 necessarium
623 3097 652 3153 id
669 3097 833 3167 praesidium
851 3098 886 3152 ad
903 3098 989 3167 ipsius
1002 3101 1158 3169 provinciae
1174 3102 1278 3158 incolas
1297 3105 1345 3158 do·

189 3187 303 3241 mandor
320 3185 413 3253 fuerit,
437 3185 499 3239 inde
522 3183 639 3252 intellegi
663 3186 762 3252 potest,
786 3183 856 3252 quod
876 3183 957 3238 etiam
974 3184 1090 3240 Neronis
1113 3189 1204 3241 aetate
1225 3187 1345 3256 legiones

186 3274 284 3326 conus
302 3271 415 3325 Astures
433 3269 562 3324 militasse
579 3267 708 3322 traditum
727 3273 776 3323 est.
808 3268 881 3336 Ergo
900 3271 958 3322 tum
976 3271 1071 3338 paucis
1089 3271 1167 3326 anuis
1184 3271 1345 3330 intermissis

187 3361 261 3412 certe
283 3355 431 3411 timendum
455 3360 522 3421 erat,
545 3369 580 3409 ne
602 3353 781 3423 provinciales
805 3353 912 3408 vixdum
935 3355 1028 3423 pacati
1051 3355 1147 3410 iterum
1170 3357 1344 3426 rebellarent,

185 3442 345 3511 praesertim
363 3455 424 3495 cum
442 3453 572 3494 novarum
590 3453 681 3494 rerum
699 3438 867 3508 cupidissimi
884 3442 983 3494 essent

274 3529 300 3593 2)
318 3525 411 3580 Etiam
428 3539 515 3594 usque
533 3523 567 3579 ad
579 3524 743 3580 Diocletiani
760 3527 885 3588 aetatem,
904 3529 1034 3592 quantum
1047 3540 1209 3594 cognoscere
1226 3527 1299 3596 licet,
1316 3531 1345 3584 in

187 3611 322 3681 Hispania
347 3610 416 3680 legio
444 3611 567 3664 Romana
594 3610 731 3677 tendebat,
759 3623 854 3678 nempe
881 3609 941 3665 VII.
971 3609 1169 3692 Gem'qffigilf.
1188 3614 1244 3668 not.
1272 3614 1344 3682 dign.

185 3695 234 3753 Oc.
252 3701 295 3752 42.
313 3696 355 3752 ed.
375 3696 455 3750 Seelr.

272 3783 298 3847 3)
317 3779 352 3835 cf.
372 3780 438 3836 Tac.
463 3780 527 3836 hist.
546 3781 580 3836 ll.
600 3783 648 3835 65:
671 3775 795 3835 ‘Clusius
817 3779 957 3834 comitatui
979 3779 1112 3849 principis
1136 3781 1260 3838 adiectus
1286 3799 1342 3839 non

186 3867 312 3937 adempta
335 3865 476 3936 Hispania,
500 3881 579 3936 quam
602 3868 672 3921 rexit
693 3866 791 3922 absens
816 3865 939 3935 exemplo
962 3865 995 3920 L.
1013 3859 1146 3922 Arrunti'.
1164 3897 1198 3908 -
1215 3867 1256 3923 Id.
1275 3868 1344 3924 hist.

184 3951 221 4007 Il.
235 3957 280 4008 bt:
295 3945 383 4007 ‘nullo
401 3957 458 4006 tum
475 3951 515 4007 ibi
532 3945 676 4007 consulari’
693 3953 739 4018 (of.
752 3968 778 4020 p.
792 3955 826 4005 34
838 3950 900 4006 adn.
914 3953 949 4016 2).
964 3981 996 3990 -
1008 3951 1048 4006 Id.
1062 3952 1125 4007 hiat.
1140 3952 1186 4008 IV.
1202 3957 1247 4008 39:
1265 3947 1344 4009 ‘Mu-

186 4037 279 4092 cianus
303 4078 311 4094 .
331 4077 365 4094 ..
394 4035 547 4093 citeriorem
573 4037 733 4106 Hispaniam
765 4039 917 4103 ostentans,
945 4036 1065 4093 discessu
1092 4037 1178 4093 Cluvii
1205 4038 1267 4095 Rufi
1298 4055 1344 4096 ra-

188 4139 285 4179 ouum.
309 4153 341 4162 -
