3318 4970
325 362 365 420 62
754 366 893 430 Augustus
910 363 1064 422 Junemann

327 535 454 600 titulum
470 541 675 604 monumento
692 537 887 620 insculptum
902 538 1012 620 fuisse,
1035 538 1122 621 quod
1138 559 1236 622 opere
1259 542 1316 610 illo
1338 543 1482 626 perfecto

325 656 346 701 a
375 635 499 704 duabus
529 638 712 720 legionibus
738 639 764 706 Ι.
786 638 954 706 Adiutrice
984 645 1017 706 et
1036 640 1094 706 XI.
1118 639 1269 726 Claudia,
1299 663 1380 728 quas
1410 665 1483 714 cam

325 739 412 804 viam
440 738 605 821 publicam
633 741 812 808 munivisse
835 740 970 809 Carolus
992 742 1234 824 Zangemeister
1262 747 1384 830 optimo
1413 748 1483 816 iure

325 846 416 922 putat
428 844 460 923 ¹),
494 843 680 926 imperatori
709 843 849 909 Traiano
883 841 1068 910 dedicatum
1099 851 1157 912 est.
1202 845 1357 916 Videmus
1385 849 1483 931 igitur

324 945 485 1026 legionem
501 945 525 1010 Ι.
542 944 741 1012 Adiutricem
756 965 840 1012 anno
858 949 929 1012 100.
945 946 979 1010 in
994 944 1169 1014 Germania
1186 949 1362 1018 tetendisse
1384 957 1482 1034 atque

325 1049 358 1112 io
381 1065 478 1129 opere
500 1045 542 1114 ad
565 1066 658 1114 usum
672 1047 845 1114 militarem
861 1047 1054 1116 exstruendo
1069 1067 1134 1114 nna
1149 1068 1221 1118 cum
1236 1051 1339 1120 altera
1354 1054 1481 1136 legione

325 1149 470 1216 eiusdem
492 1149 681 1231 provinciae
704 1154 894 1231 occupatam
916 1146 1025 1218 fuisse.

411 1249 483 1328 Qua
497 1271 533 1317 re
548 1251 677 1333 cognita
692 1250 822 1318 Aemilii
837 1251 1010 1334 Ritterling
1023 1254 1183 1322 sententia
1196 1255 1294 1322 facile
1316 1257 1480 1340 refutatur,

325 1354 380 1436 qui
407 1353 542 1437 putabat
572 1356 657 1436 (epp.
680 1353 705 1416 Ι.
729 1372 760 1435 p.
785 1353 838 1430 75)
861 1372 934 1418 cum
961 1373 1045 1421 anno
1068 1356 1119 1420 85.
1149 1357 1202 1422 vel
1225 1357 1276 1422 86.
1306 1357 1350 1424 ad
1373 1359 1480 1426 Danu-

324 1456 413 1521 vium
427 1455 655 1538 gravissimum
670 1455 791 1521 bellum
807 1455 962 1522 Dacicum
985 1462 1088 1522 ortum
1110 1464 1204 1541 osset,
1227 1478 1291 1524 nou
1313 1459 1416 1526 solum
1439 1479 1481 1528 ex

325 1557 492 1624 Britannia
513 1557 675 1639 legionem
698 1557 738 1622 Il.
755 1555 954 1624 Adiutrieem
977 1559 1010 1624 in
1025 1558 1180 1626 Moesiam
1202 1558 1382 1628 traductam
1398 1580 1480 1643 esse,

324 1659 383 1725 sed
417 1660 514 1726 etiam
547 1660 708 1739 legionem
736 1659 761 1726 Ι.
791 1658 989 1728 Adiutrieem
1024 1679 1065 1726 ex
1098 1660 1272 1728 Germania
1304 1664 1479 1749 superiore,

324 1781 421 1844 quam
449 1761 650 1844 provinciam
686 1768 753 1826 tum
789 1761 930 1844 quinque
963 1763 1144 1848 legionibus
1180 1769 1325 1830 ornatam
1362 1765 1477 1849 fuisse3

323 1871 421 1947 atque
445 1883 516 1929 eam
537 1864 603 1929 inm
625 1870 693 1929 tum
716 1882 758 1930 ex
772 1863 947 1930 Germania
967 1871 1109 1932 amotam
1125 1883 1196 1932 esse
1211 1885 1251 1934 eo
1266 1868 1479 1950 comprobari,

324 1966 412 2050 quod
444 1966 592 2032 laterculi
625 1965 719 2032 huius
752 1965 891 2048 legionis
923 1967 956 2030 in
989 1967 1179 2034 stationibus
1215 1969 1313 2051 paulo
1350 1970 1478 2051 longius

323 2070 439 2135 amotis
474 2074 507 2134 et
538 2069 571 2132 in
603 2068 705 2152 ipsius
737 2067 850 2132 limitis
883 2068 1025 2134 castellis
1054 2067 1151 2151 plane
1180 2067 1413 2137 desiderentur.
1438 2107 1480 2117 -

324 2170 467 2236 Primum
496 2177 604 2236 autem
627 2168 779 2252 quoniam
801 2168 998 2252 Ritterlingii
1028 2171 1223 2255 opinionem,
1254 2190 1318 2254 qua
1339 2173 1480 2239 maxime

413 2342 437 2402 1)
456 2335 515 2390 Hoc
538 2335 600 2390 loco
622 2333 705 2390 etiam
728 2348 797 2404 quae
820 2335 928 2390 litterae
949 2335 1027 2390 initio
1046 2336 1127 2392 huius
1145 2335 1217 2391 tituli
1235 2337 1402 2408 supplendae
1419 2353 1479 2394 esse

323 2422 491 2486 viderentur,
517 2421 558 2476 vir
584 2419 756 2476 doctissimus
782 2419 954 2489 sagacissimo
980 2421 1130 2476 enucleavit
1156 2423 1183 2486 (l.
1202 2422 1220 2477 l.
1239 2438 1267 2491 p.
1285 2425 1336 2477 246
1354 2423 1415 2478 adn.
1436 2427 1479 2491 1.).

322 2507 404 2577 Apud
422 2505 633 2561 Brembaohlum
650 2507 686 2571 (6.
708 2507 784 2572 1666)
801 2505 840 2562 sia
856 2504 982 2572 legimus:

742 2603 818 2695 cni
838 2641 896 2696 nn
937 2593 1115 2698 666666

766 2727 896 2782 nonu
915 2728 960 2781 nu
996 2727 1112 2781 max

721 2807 910 2882 reennonu
938 2809 1113 2878 ecgrnnc

325 2930 525 2998 Zangemcister
547 2946 610 2986 uero
633 2946 739 2985 versum
762 2931 878 2999 primum
896 2933 936 2986 sio
954 2931 1150 2986 emendandum
1168 2931 1277 2986 statuit:
1301 2932 1369 3000 Imp.
1388 2932 1478 2988 Nerva

325 3007 447 3081 Tra[ian.
467 3016 544 3073 Caes.
566 3015 661 3085 Aegl,
684 3030 789 3071 vorsum
814 3017 928 3070 alterum
951 3015 1004 3070 sic:
1028 3015 1126 3085 pontif.
1142 3020 1221 3071 max.
1246 3017 1318 3082 [trib.
1340 3022 1398 3086 pot.
1418 3059 1424 3072 .
1444 3059 1478 3076 ..

324 3117 372 3158 coa
390 3143 397 3158 .
417 3143 422 3154 .
443 3143 450 3156 .
469 3119 496 3171 p.
515 3107 562 3170 p.].
598 3101 652 3156 Sed
668 3101 734 3154 mihi
750 3100 832 3155 liceat
848 3102 908 3170 ipsa
924 3103 1007 3156 verba
1024 3103 1083 3156 eius
1100 3101 1210 3156 efferre:
1231 3101 1306 3164 „Nur
1323 3101 1373 3156 das
1391 3103 1476 3171 Frag-

322 3189 397 3243 ment
414 3187 440 3242 b.
458 3188 495 3244 iat
512 3187 584 3244 uoclr
601 3187 757 3244 rorhanden
779 3186 836 3242 und
859 3186 946 3242 dieses
967 3187 1039 3244 habe
1060 3186 1105 3242 ich
1128 3185 1244 3256 kopiert.
1280 3187 1332 3242 Die
1349 3186 1478 3242 lnschrilt

321 3274 359 3330 ist
382 3277 450 3330 atets
476 3272 612 3340 unrichtig
635 3276 745 3338 enganni
768 3270 890 3340 worden3
914 3272 985 3328 deun
1003 3271 1104 3328 Traian
1126 3271 1202 3328 kann
1223 3270 1300 3326 nicht
1322 3271 1396 3328 bloss
1413 3273 1476 3342 imp.

322 3357 413 3414 Nerva
425 3359 536 3416 Traian.
550 3355 647 3427 pontif.
660 3371 731 3410 mex.
745 3356 860 3412 heissen.
887 3354 1024 3411 Vielmehr
1041 3372 1115 3411 muas
1132 3355 1224 3411 rechts
1241 3355 1314 3410 noch
1332 3357 1375 3410 ein
1391 3357 1477 3412 Sttlck

322 3443 413 3498 lehlen
432 3443 488 3497 und
499 3442 632 3511 ungeiahr
644 3440 795 3508 Folgendea
808 3441 974 3509 anagefallen
986 3441 1055 3496 selu:
1074 3441 1147 3495 Zeila
1161 3447 1186 3495 1:
1205 3442 1258 3496 ian.
1273 3442 1382 3497 caesar.
1395 3444 1476 3511 Aug,

323 3529 397 3584 Zeila
415 3535 445 3583 3:
464 3535 499 3582 tr.
517 3531 574 3596 pot.
589 3569 595 3582 .
609 3568 636 3583 ..
657 3542 713 3582 cos.
728 3567 735 3582 .
748 3565 754 3580 .
769 3569 775 3582 .
793 3542 859 3596 pp.
895 3524 993 3582 Dieser
1010 3526 1085 3582 Stein
1102 3527 1139 3582 ist
1156 3525 1290 3582 vielleiaht
1306 3527 1336 3581 ln
1353 3531 1476 3596 spaterer

322 3614 383 3668 Zeit
399 3613 492 3668 rechts
510 3629 541 3668 so
558 3612 656 3680 genade
673 3613 831 3679 augebanen
848 3614 965 3680 worden,
981 3612 1046 3666 oder
1063 3611 1107 3665 die
1118 3611 1248 3666 luschritt
1259 3614 1346 3666 setate
1357 3610 1416 3668 sich
1427 3612 1477 3666 aul

323 3698 410 3754 ciuem
429 3697 533 3752 andern
551 3698 658 3766 Quader
674 3697 738 3752 fort.
774 3697 852 3754 Oben
869 3697 938 3754 fehlt
958 3697 1057 3752 nichts.
1093 3696 1148 3752 Eia
1165 3695 1323 3752 Einsehuitt
1338 3696 1474 3752 auischcn

322 3783 394 3837 Zeile
407 3786 422 3836 2
435 3781 517 3836 und3
535 3782 603 3838 ltest
620 3787 768 3848 termulen,
786 3783 850 3837 dass
867 3799 919 3838 uns
936 3783 965 3836 in
982 3782 1043 3836 dem
1060 3780 1136 3836 Stein
1153 3780 1197 3834 ein
1210 3780 1397 3836 Gesimsstdclr
1415 3796 1474 3836 vor-

323 3867 397 3936 liegt.
411 3899 441 3908 —
455 3867 534 3935 Haug
545 3868 622 3922 hatte
634 3867 678 3922 die
689 3866 819 3922 hschrilt
830 3867 881 3921 aui
889 3867 1065 3936 Beendiguug
1082 3866 1130 3921 des
1147 3864 1223 3920 6666
1235 3865 1367 3920 66666666
1377 3865 1475 3920 wellen

322 3950 429 4018 (Philol.
441 3951 661 4008 Woohenschriit
674 3955 740 4008 1882
757 3969 785 4020 p.
798 3955 872 4020 335„
891 3952 1020 4019 Pfitauer,
1031 3943 1191 4018 ‘Legioucn‘
1203 3968 1230 4020 p.
1245 3953 1278 4004 86
1290 3949 1309 4004 f.
1322 3949 1372 4003 mit
1388 3949 1475 4018 uenig

323 4036 577 4092 wahrschelnlieher
590 4037 757 4106 Vermntnng
774 4052 810 4092 an
823 4037 883 4093 eine
894 4036 1073 4106 gemeinsame
1085 4035 1306 4102 Unternehmuug
1317 4034 1366 4090 der
1377 4034 1474 4091 beiden

322 4123 460 4192 Legioneu
477 4122 604 4177 wahrend
621 4122 669 4176 dos
686 4121 799 4190 Krieges
815 4121 852 4177 im
869 4121 895 4178 J.
909 4127 940 4176 97
959 4121 1100 4191 6666666.66
