3270 4968
320 365 361 422 52
744 363 925 432 Eugelbortus
943 364 1049 432 Drerup
1066 449 1072 458 .

404 537 486 604 Sunt
507 557 634 621 quoque
657 537 730 619 loci,
760 538 876 621 quibus
899 543 1033 620 aparte
1056 538 1153 604 totius
1182 538 1334 622 vulgatae
1364 546 1479 606 contra

319 641 464 709 codicem
487 641 676 708 Urbinatem
698 645 776 706 stet:

403 743 418 808 1
442 746 493 808 20.
517 737 732 827 ἀπεχθήσεαι
755 745 785 806 Γ
803 763 863 827 pr.,
886 737 1043 822 ἀπεχθὴς
1067 739 1136 807 ἐσει
1160 763 1241 810 corr.
1264 747 1298 808 2:
1322 738 1477 827 ἀπεχθὴς

319 843 379 930 ἐση
403 847 551 910 ΖΛΠΝ.
596 847 646 907 24.
670 845 751 924 πρὶν
782 841 840 906 ἐὰν
863 848 894 907 Γ
897 867 904 908 :
934 844 1015 925 πρὶν
1039 834 1079 906 ἀν
1101 848 1250 910 ΖΛΠΝ.
1296 848 1347 910 34.
1370 842 1474 929 βούλῃ

318 953 349 1011 Γ
352 972 359 1012 :
396 945 511 1030 βούλει
544 949 692 1028 ΖΛΠΝ,
730 946 770 1012 cf.
804 950 823 1022 ξ
857 948 907 1010 33.
953 949 1003 1010 42.
1042 943 1115 1010 ἐστι
1147 951 1179 1010 Γ
1182 970 1190 1011 :
1228 944 1287 1031 ἐοη
1327 951 1474 1010 ΖΛΠΝ.

319 1056 369 1117 49.
394 1047 557 1136 φησιίμεν
581 1053 612 1112 Γ
615 1072 623 1113 :
647 1046 803 1132 φήσομεν
825 1052 972 1112 ΖΛΠΝ.

403 1153 555 1219 Attamen
584 1171 682 1217 uuum
712 1157 817 1216 exstat
844 1157 1078 1234 argumentum,
1113 1151 1200 1235 quod
1234 1151 1355 1218 codicis
1384 1157 1416 1215 Z
1442 1153 1475 1218 in

318 1257 423 1340 prima
457 1255 602 1322 oratione
630 1253 787 1336 originem
820 1253 863 1320 ab
896 1253 967 1336 ipso
998 1252 1111 1320 codice
1142 1253 1299 1321 Urbiuate
1328 1260 1475 1338 repetere

317 1359 413 1441 cogit,
437 1376 536 1441 quare
558 1356 732 1420 varietates
754 1355 827 1421 illas
850 1375 892 1421 ex
914 1355 980 1421 alio
1003 1355 1116 1422 codice
1134 1362 1281 1439 receptas
1297 1376 1369 1423 osse
1384 1363 1474 1440 pute·

318 1481 404 1527 mus:
428 1459 550 1526 codicis
565 1458 731 1525 Urbiuatis
748 1459 961 1524 correctiones
976 1478 996 1523 a
1012 1458 1154 1541 vulgatis
1170 1458 1336 1526 codicibus
1351 1461 1475 1526 alienas

318 1562 402 1647 dico,
425 1581 509 1644 quae
531 1562 565 1626 iu
587 1559 701 1627 codice
723 1557 946 1644 Scaphusiauo
969 1560 1184 1643 reperiuntur:

403 1663 470 1728 13.
502 1659 600 1744 ἐργον
637 1658 867 1744 ἐπιχειροῦσιν
904 1665 935 1724 Γ
967 1683 1027 1746 pr.,
1064 1672 1179 1726 ποιεῖν
1216 1662 1292 1729 add.
1330 1659 1474 1727 1¹³=Z.

318 1769 347 1830 6.
372 1763 521 1845 ἔβλαψεν
545 1770 575 1828 Γ
593 1787 652 1849 pr.,
677 1762 861 1848 ἐλυμήνατο
885 1765 917 1830 in
940 1785 1004 1846 mg.
1027 1785 1107 1831 corr.
1131 1770 1208 1829 d=
1223 1771 1262 1830 Ζ.
1301 1769 1330 1830 9.
1346 1760 1475 1846 ὑπέμε-

318 1891 373 1932 νεν
396 1872 427 1930 Γ
446 1888 503 1951 pr.,
525 1861 692 1951 ὑφίστατο
717 1887 796 1934 corr.
820 1872 897 1930 4=
912 1872 951 1932 Z.
998 1869 1047 1932 12.
1071 1864 1212 1931 δυνατὸν
1243 1873 1274 1931 Γ
1291 1889 1350 1952 pr.,
1380 1862 1420 1932 οά
1447 1889 1474 1936 s.

317 1991 350 2036 v.
370 1970 444 2035 add.
462 1972 496 2034 2:
520 1964 559 2032 οῦ
576 1966 716 2032 δυνατὸν
731 1975 771 2034 Ζ.
816 1973 865 2035 30.
890 1967 1011 2051 σεμνὸς
1027 1975 1058 2033 Γ
1070 1991 1128 2054 pr.,
1151 1971 1265 2034 τεκαὶ
1288 1968 1475 2055 ὑπεροπτι-

318 2072 377 2148 κὸς
400 2074 432 2138 in
455 2094 518 2156 mg.
541 2072 617 2139 add.
642 2077 773 2138 4=Z.
818 2077 868 2138 35.
891 2065 978 2156 ὑπὲρ
1003 2078 1147 2138 σεαυτοῦ
1168 2077 1200 2138 Γ
1217 2095 1276 2160 pr.,
1305 2080 1370 2138 τῶν
1393 2095 1418 2141 s.
1441 2095 1473 2141 v.

317 2175 393 2242 add.
407 2179 441 2241 2:
464 2169 550 2254 ῦπέρ
566 2180 631 2238 τῶν
647 2180 789 2240 σεαυτοῦ
804 2181 836 2239 Ζ
849 2172 946 2258 (ὑπὲρ
962 2177 1029 2240 τῶν
1041 2181 1166 2240 σαυτοῦ
1177 2177 1268 2256 ΠΝ).
1303 2178 1353 2243 38.
1370 2175 1475 2262 δοκῆς

319 2274 504 2360 ὀρέγεσθαι
526 2282 557 2342 Γ
576 2298 634 2361 pr.,
658 2275 742 2359 ἀγαν
765 2279 798 2344 iu
821 2299 883 2361 mg.
907 2278 983 2344 add.
1007 2284 1083 2342 4=
1099 2285 1137 2344 Z.

402 2381 441 2447 Id
470 2401 509 2447 ea
536 2379 578 2446 de
606 2401 704 2446 causa
733 2381 874 2448 maxime
907 2381 1081 2447 notandum
1117 2388 1174 2466 est,
1209 2382 1295 2465 quod
1329 2382 1475 2449 codicem

317 2483 573 2568 Scaphusianum
596 2485 629 2548 in
652 2485 767 2550 oeterIs
790 2485 988 2550 orationibus
1011 2486 1163 2567 vulgatae
1185 2485 1359 2551 memoriae
1383 2485 1473 2551 iudo-

316 2589 379 2654 lem
401 2605 480 2670 prae
503 2606 538 2652 se
565 2587 648 2652 terre
678 2585 865 2651 iamdudum
894 2589 1056 2669 cognitum
1086 2593 1143 2654 est.
1188 2587 1226 2651 In
1255 2587 1370 2670 quibus
1398 2607 1473 2654 eum

317 2689 437 2755 codicis
461 2694 498 2750 A
524 2688 667 2753 familiae
696 2688 920 2776 ascribendum
951 2708 1022 2756 esse
1051 2690 1201 2756 constitui
1230 2690 1374 2756 oratioue
1398 2689 1474 2754 VIII

317 2794 356 2867 ἧς
381 2793 483 2855 1-56
499 2791 625 2855 collata.
665 2788 759 2867 Quod
775 2797 809 2855 ut
824 2791 1050 2874 demonstrem,
1073 2812 1129 2858 eas
1144 2794 1183 2869 ξς
1202 2794 1303 2856 1-16
1318 2792 1473 2858 lectiones

317 2895 474 2975 exscribo,
498 2911 581 2976 quae
604 2913 674 2958 cum
699 2892 811 2959 codice
834 2901 873 2956 A
895 2901 1006 2960 contra
1027 2897 1092 2958 ΓΠ
1111 2895 1246 2960 faciunt:

402 2995 479 3060 VIII
508 2999 536 3060 4.
559 2992 692 3079 γνώμην
721 3001 807 3060 ZA:
837 2999 951 3080 τέχνην
981 3000 1053 3060 ΓΠ.
1099 3001 1128 3060 5.
1159 2990 1246 3080 ἡμᾶς
1274 3002 1358 3062 ZA:
1387 2990 1474 3077 ὑμᾶς

315 3104 346 3162 Γ
342 3103 386 3164 Π.
433 3102 461 3163 7.
485 3097 715 3182 πλημμελείας
743 3103 827 3164 ZA:
856 3099 1036 3178 πλεονξλας
1066 3103 1139 3162 ΓΠ.
1184 3101 1212 3163 8.
1241 3104 1307 3161 τιῦν
1338 3095 1473 3180 ἐχθρῶν

316 3198 584 3284 ἐπικρατήσομεν
596 3206 666 3263 ΖΛ
673 3223 681 3266 :
696 3197 970 3286 ἐπικρατήσομεν
981 3206 1048 3264 τῶν
1062 3198 1196 3284 ἐχθριῦν
1209 3205 1281 3266 ΓΠ.
1318 3204 1366 3266 12.
1379 3196 1473 3266 ἀναι-

315 3308 498 3386 ρουμένους
520 3308 604 3368 ΖΛε
628 3300 848 3386 αἱρουμένους
871 3307 942 3368 ΓΠ.
991 3308 1040 3370 13.
1065 3301 1234 3388 πονηραῦς
1257 3309 1342 3369 ZA:
1367 3329 1473 3389 πονη-

314 3403 475 3491 ροτάτους
498 3409 570 3468 ΓΠ.

400 3507 523 3585 Quibus
552 3528 608 3574 eas
638 3507 759 3575 oodIcis
788 3514 820 3570 Z
846 3510 1001 3576 lectiones
1035 3509 1153 3592 adtoio,
1187 3528 1269 3592 quae
1304 3530 1376 3576 cum
1405 3513 1475 3573 ΓΛ

313 3617 425 3676 contra
447 3612 485 3673 Π
504 3616 696 3695 congruunt:

399 3712 476 3777 VIII
500 3717 527 3777 1.
552 3712 607 3776 καὶ
623 3712 783 3794 περὶτῶν
799 3718 861 3777 ΖΓ
858 3720 912 3780 Λ;
936 3713 992 3778 καὶ
1014 3735 1076 3780 om.
1092 3717 1136 3778 Π.
1175 3717 1204 3777 5.
1220 3711 1340 3796 λόγους
1358 3717 1457 3778 ΖΓΛ
1464 3739 1473 3780 t

314 3813 412 3898 λόγου
435 3818 479 3879 Π.
524 3817 554 3880 8.
578 3840 637 3897 μοι
661 3814 818 3880 ἀοκοῦσιν
841 3823 939 3881 ΖΓΛ
947 3842 954 3884 :
977 3842 1035 3897 μοι
1059 3838 1119 3883 om.
1143 3820 1186 3881 Π.
1233 3819 1262 3882 8.
1286 3810 1473 3902 ἀκηκοότες

314 3924 375 3982 ΖΓ
372 3922 422 3983 II:
446 3908 610 4002 ἀκηκότες
632 3923 676 3982 Π.
723 3921 772 3983 12.
797 3918 898 3982 aanor
922 3925 983 3984 ΖΓ
980 3925 1030 3984 Πε
1053 3915 1155 3983 κανὸν
1170 3923 1215 3983 Π.
1255 3922 1303 3984 13.
1327 3917 1474 4000 παριόν-

313 4044 379 4084 των
403 4025 464 4084 ΖΓ
460 4027 513 4085 A:
536 4019 763 4102 παρεστώτων
786 4025 831 4086 Π.
878 4028 927 4089 14.
952 4019 1033 4108 ὅσην
1058 4016 1136 4087 οὐδὲ
1159 4027 1221 4085 ΖΓ
1218 4028 1270 4088 A:
1303 4017 1382 4086 οὐδὲ
1407 4044 1473 4089 om.

313 4128 357 4187 Π.
405 4127 452 4188 16.
475 4121 683 4208 γεγράφασιν
707 4129 805 4187 ΖΓΛ
811 4149 819 4190 :
841 4122 1031 4210 γράφουσιν
1054 4129 1098 4191 Π.
