3170 4984
149 380 221 448 Quae
238 381 307 436 ratio
326 381 477 437 intercedat
493 382 564 438 inter
575 383 728 441 Vitruvium
746 389 773 439 et
785 385 956 441 Athenaeum
973 388 1168 444 mechanicum.
1207 391 1267 448 291

115 556 199 620 tione
233 553 354 622 codicis
388 554 649 624 vindobonensis
679 549 895 638 ‘baddonem'
932 561 1070 627 fulcitur.
1127 561 1278 630 Verbum¹

113 653 357 737 παροδοποιεῖν
380 663 486 723 utrum
509 659 691 742 corruptela
713 660 914 744 inquinatum
948 663 1118 746 enipeum
1141 685 1269 749 quoque

113 759 198 826 illius
213 759 488 843 interpretamenti
504 761 555 843 sit,
578 760 752 828 decernere
768 783 832 828 non
854 765 967 830 ausim.
999 763 1049 830 De
1071 771 1138 832 toto
1161 773 1269 833 autem

114 860 283 944 desperato
311 861 380 927 fere
409 860 570 930 hocloco
598 867 634 927 ut
663 863 804 931 breviter
826 865 1098 949 eomprehendam
1121 867 1201 950 quid
1222 871 1268 935 iu-

113 962 232 1047 dicem,
259 963 399 1046 vestigia
420 969 525 1030 statuo
548 963 664 1031 adesse
687 965 833 1033 eiusdem
849 966 956 1050 fontis,
982 987 1078 1050 quem
1104 970 1268 1038 Vitruvius

113 1070 239 1132 secutus
255 1071 320 1132 est:
343 1066 411 1149 illo,
434 1072 469 1132 ut
484 1085 526 1132 ex
538 1066 686 1134 Vitruvio
702 1069 915 1152 cognoscitur,
937 1070 1057 1136 tradita
1079 1079 1148 1138 erat
1171 1074 1269 1140 etiam

112 1166 284 1252 descriptio
307 1161 550 1250 ἆμαξοπόὸων,
580 1170 796 1253 sequebantur
825 1177 933 1237 autem
962 1171 1044 1240 haee
1072 1173 1139 1240 fere
1168 1175 1270 1242 verba

109 1261 177 1332 ‘ivo
192 1259 274 1334 ὅταν
299 1269 355 1357 δέῃ
380 1266 609 1356 ἀποστρέφειν
632 1272 713 1348 (sive
736 1271 842 1338 simile
866 1273 955 1356 quid)
978 1272 1190 1361 προάγοντας
1213 1273 1269 1362 ἒξρ”

112 1366 352 1454 insereremus
362 1369 441 1450 τοὺς
452 1369 590 1456 τροχοὺς
603 1369 659 1438 διὰ
674 1369 712 1438 τὸ
731 1365 912 1439 ἀποκλῖναι
927 1372 1006 1452 τοὺς
1019 1370 1267 1458 ἇμαξόποὸοις’.

194 1473 282 1540 Satis
311 1476 409 1558 igitur
437 1474 479 1542 de
501 1474 563 1542 hoc
585 1477 657 1542 loeo
680 1475 767 1559 dixi,
798 1497 883 1544 nunc
905 1477 1145 1546 consideremus
1168 1481 1268 1548 alium

110 1576 214 1642 locum
238 1577 336 1642 etiam
359 1578 463 1661 magis
486 1577 630 1644 dubium.
675 1578 819 1662 Uterque
841 1585 953 1646 auctor
974 1573 1146 1664 'postquam
1170 1588 1267 1650 testu·

110 1677 201 1745 dines
232 1679 433 1764 complendis
467 1680 562 1748 fossis
596 1679 773 1748 destinatas
808 1680 997 1766 descripsit,
1033 1703 1139 1766 pauca
1175 1685 1269 1752 addit

110 1777 150 1844 da
162 1781 220 1863 eis,
231 1781 365 1864 qnaead
377 1781 565 1848 fodiendum
579 1780 810 1866 adhibeantur,
822 1783 936 1866 incipit
947 1790 1083 1868 uterque
1094 1786 1136 1851 ab
1145 1786 1267 1854 eisdem

110 1881 228 1968 verbis,
237 1881 376 1950 discedit
382 1885 479 1967 paulo
487 1890 561 1967 post
569 1884 651 1950 alter
662 1883 703 1950 ab
715 1885 817 1951 altero
826 1886 923 1950 etiam
932 1885 974 1952 de
986 1887 1058 1970 ipsa
1069 1907 1114 1970 re,
1128 1887 1268 1972 denique

109 1983 244 2052 redeunt
266 1985 308 2051 ad
331 1987 502 2054 verborum
526 1985 779 2056 similitudinem.
824 1987 894 2053 Iam
918 1988 1065 2056 conferas
1088 1991 1189 2076 ipsos:

207 2138 325 2206 Athen.
341 2160 373 2223 p.
392 2145 477 2224 19‚'4
489 2161 559 2224 sqq.
638 2165 641 2170 ·
855 2139 933 2234 Vitr.
950 2162 981 2225 p.
999 2145 1071 2227 277,
1089 2147 1127 2208 12

107 2252 143 2320 τὸ
162 2255 198 2322 δὲ
222 2257 281 2341 τῆς
303 2250 496 2345 ὃροκτρίὸος
517 2256 660 2344 χελώνης
716 2266 919 2342 quaerentem
935 2262 1112 2330 testudines
1128 2263 1170 2329 ad
1185 2265 1267 2332 fodi-

106 2360 198 2440 γένος
222 2357 264 2424 τὰ
287 2359 347 2442 μὲν
370 2355 455 2425 ἄλλα
477 2361 661 2446 παραπλη-
717 2359 834 2424 endum
886 2371 1110 2445 comparantur
1154 2359 1269 2450 ὅρογες

108 2464 188 2540 erog
205 2473 281 2539 ταῖς
303 2461 469 2548 πρότερον
492 2456 662 2549 ιρκοὸόμη-
716 2480 832 2544 graece
849 2462 1006 2546 dicuntur,
1031 2472 1138 2532 cetera
1160 2470 1269 2535 omnia

107 2587 171 2644 ται,
194 2561 257 2652 τὴν
273 2564 309 2630 δὲ
333 2565 529 2648 ἔμπροσθεν
552 2559 661 2653 ὀρθὴν
716 2563 837 2630 habent
851 2565 898 2630 uti
914 2585 1010 2649 supra
1033 2571 1185 2652 seriptum
1209 2577 1267 2652 est,

108 2662 173 2745 ἔχει
187 2666 423 2788 προοαγργήν,
440 2659 536 2744 ὅπως
551 2689 660 2751 προσ·
715 2671 836 2736 frontes
852 2689 930 2736 vero
943 2687 1052 2734 earum
1066 2667 1146 2734 fiunt
1157 2691 1268 2754 quem·

108 2768 259 2834 ελθοῦοο
250 2767 363 2890 πρὸς
377 2767 414 2834 τὸ
432 2761 660 2854 τεῖχοςᾶπαρ-
716 2771 891 2838 admodum
913 2771 1059 2854 angulit
1061 2771 1267 2858 rigoniorum,

86 2871 87 2874 ’
105 2874 180 2956 einp
222 2865 313 2956 αὐτῷ
345 2873 401 2938 καὶ
434 2869 479 2960 μὴ
516 2892 661 2954 παρεισ-
715 2877 762 2941 uti
791 2896 812 2940 a
840 2893 931 2939 muro
961 2874 1026 2940 tela
1055 2893 1127 2940 eum
1156 2875 1189 2940 in
1212 2895 1267 2942 eas

107 2977 219 3059 πίπτῃ
257 2961 326 3040 dno*
360 2975 420 3038 τοῦ
452 2979 580 3054 τείχους
617 2973 660 3039 τὰ
716 2977 882 3042 mittantur
896 2995 960 3040 non
982 2975 1088 3058 planis
1110 2975 1267 3044 frontibus

108 3065 275 3200 ἂφιέμενρ
289 3075 380 3162 βέλη,
402 3068 476 3139 ett‘
497 3068 659 3163 ἀσφαλῶς
715 3078 880 3161 excipiant
895 3077 1010 3160 plagas
1025 3075 1083 3142 sed
1098 3078 1140 3142 ab
1161 3079 1207 3143 lat
1194 3079 1267 3144 teri·

109 3175 140 3240 οι
161 3172 407 3262 inoperantem
420 3173 454 3242 ἓν
467 3168 550 3263 αὐτῇ
566 3172 659 3255 ὄντες
715 3181 774 3246 bus
790 3180 945 3262 labentes
970 3179 1039 3244 sine
1059 3179 1267 3262 periculoque

108 3275 321 3362 ἐργάζωνται.
714 3279 874 3348 fodientes
907 3281 962 3363 qui
995 3282 1080 3347 intus
1114 3287 1188 3346 sunt
1219 3289 1266 3346 tn-

651 3398 653 3403 ’
715 3391 836 3450 eantur.

190 3518 264 3584 Nisi
279 3519 362 3584 forte
378 3519 547 3585 statuimus
569 3520 603 3584 in
626 3521 787 3587 communi
808 3521 896 3588 fonte
918 3519 960 3586 de
983 3518 1109 3585 duabus
1132 3518 1265 3585 testudi-

106 3618 199 3686 nibus
213 3621 396 3705 expositum
412 3621 523 3704 fuisse,
539 3641 673 3704 quarum
689 3623 824 3688 alteram
836 3622 1001 3688 Vitruvius
1017 3622 1153 3687 alteram
1166 3620 1264 3686 Athe·

107 3738 207 3788 naeus
233 3721 405 3807 describat,
429 3744 501 3790 cum
531 3744 595 3789 uno
618 3723 749 3807 quidem
772 3725 845 3790 ioco
868 3722 956 3807 apud
971 3721 1175 3790 Athenaeum
1198 3743 1264 3788 ma-

108 3841 205 3902 gnam
234 3825 509 3908 perturbationem
539 3826 636 3892 modo
667 3826 935 3909 cognoverimus,
964 3823 1060 3891 huius
1084 3826 1263 3893 confusioni

108 3924 324 3994 differentiam
347 3927 522 3994 tribuerim.
569 3925 673 4006 Quam
696 3928 887 3996 sententiam
910 3927 1064 3993 etiamid
1088 3925 1263 4011 confirmat,

109 4027 194 4110 quod
210 4029 305 4097 Philo
321 4030 363 4096 de
379 4029 592 4098 testudinibus
608 4031 756 4098 oratieeis
780 4031 875 4098 docet
896 4029 959 4106 ted.
973 4029 1144 4097 Thevenot
1165 4050 1196 4114 p.
1210 4033 1263 4106 99)

105 4122 298 4197 ‘coacervet
327 4131 363 4198 ir
394 4131 429 4198 οἱ
457 4133 697 4218 γερροχελιῦνινι
727 4130 762 4198 ἐκ
790 4135 856 4198 τῶν
890 4131 1106 4213 πλεχθέντων
1138 4135 1264 4218 γέρρων

158 4237 272 4296 Leipziger
285 4241 387 4286 Studien.
401 4241 476 4285 XVII.
1023 4238 1055 4288 20
