3170 4984
152 383 225 453 Quae
241 381 312 438 ratio
328 381 481 436 intercedat
497 379 568 434 inter
578 379 732 435 Vitruvium
750 382 778 433 et
788 377 958 433 Athenaeum
975 377 1170 432 mechanicum.
1208 375 1268 434 299

117 549 228 624 verbe
248 551 464 638 interpellatio
499 557 684 635 excusatum
719 571 759 618 ao
791 570 832 618 ne
862 550 924 617 hoo
957 549 1087 634 quidem
1121 551 1266 632 refertur,

118 657 281 724 ouiusnam
297 654 424 722 testudo
447 654 663 737 describatur3
688 652 775 736 quod
797 659 905 718 tamen
927 653 985 719 vix
1006 657 1113 736 potest
1135 651 1267 718 dubium

118 778 202 826 asse:
224 777 300 824 nam
314 762 541 840 praeterquam
560 755 648 838 quod
671 774 711 822 ea
732 757 815 822 inter
838 754 952 822 Diadis
974 753 1141 821 machinas
1162 755 1269 838 posita

117 865 174 944 est,
198 879 270 927 eum
284 859 382 944 paulo
398 864 472 925 ante
488 859 547 922 τοῦ
562 851 752 940 ὗποτρόχου
774 858 869 942 κριοῦ
891 857 1012 922 mentio
1034 857 1121 923 faeta
1143 857 1193 940 sit,
1217 855 1270 923 hie

118 962 244 1032 videtur
260 963 338 1029 satis
355 981 425 1030 esse
441 962 563 1028 elerum
579 961 687 1027 verbis
700 953 772 1043 ‘arip
788 957 824 1024 δὲ
837 957 982 1045 χελώνης
1003 959 1063 1046 τῆς
1085 955 1155 1023 τὸν
1177 955 1269 1042 κριὸν

118 1055 295 1151 φερούσης’
328 1062 503 1148 significari
532 1062 647 1129 Dledis
680 1063 875 1130 testudinem
907 1062 1043 1128 arietem
1074 1061 1271 1128 subrotatum

116 1167 280 1234 ferentem.
326 1165 442 1232 Mirum
475 1166 572 1250 igitur
601 1170 686 1232 esset
714 1165 759 1248 si,
793 1183 865 1230 eum
894 1162 947 1230 hio
975 1163 1086 1230 arietis
1116 1163 1271 1230 subrotati

117 1267 244 1336 testudo
272 1268 490 1354 describatur,
519 1268 620 1352 ipsius
649 1265 759 1332 arietis
785 1265 961 1350 descriptio
984 1285 1048 1332 non
1071 1270 1158 1332 esset
1180 1283 1272 1349 prae·

115 1389 220 1437 missa
1255 1413 1258 1416 -

201 1471 270 1538 Sed
299 1471 380 1538 haee
407 1470 538 1555 quidem
568 1470 732 1538 haetenus.
778 1471 868 1536 Alter
896 1470 1004 1554 loeus,
1035 1469 1076 1536 de
1103 1489 1166 1553 quo
1188 1489 1273 1535 nuno

117 1579 165 1641 est
188 1572 424 1656 disserendum,
447 1578 553 1641 exstat
568 1593 599 1657 p.
616 1578 664 1656 15,
681 1565 785 1637 5‘rdv
809 1569 845 1636 ds
866 1569 991 1656 κόρακα
1014 1564 1054 1635 od
1076 1595 1164 1658 φημι
1188 1566 1272 1637 εἶναι

117 1669 212 1750 ἄξιον
235 1665 465 1760 κατασκευῆς’.
511 1673 657 1754 Quocum
686 1693 855 1758 compares
882 1675 981 1740 velim
1004 1673 1144 1742 Vitruvii
1173 1675 1274 1741 verba

116 1778 319 1862 tp.275,12)
341 1771 397 1845 ‘de
427 1796 541 1844 aoraoe
571 1775 653 1842 nihil
680 1777 824 1860 putavit
846 1775 1067 1860 scribendum,
1098 1775 1185 1859 quod
1207 1777 1273 1841 ani·

116 1880 364 1947 madverteret
395 1899 466 1946 eam
495 1877 679 1946 machinam
707 1879 829 1944 nullam
859 1877 980 1945 habere
1001 1868 1173 1944 virtutem'.
1217 1877 1274 1944 Se-

117 1981 257 2048 oundum
269 1981 451 2048 Vitruvium
467 1982 565 2064 igitur
579 1982 650 2065 ipse
667 1979 789 2048 Diades
804 1979 986 2047 machinam
1010 2000 1030 2046 a
1052 1999 1087 2047 se
1110 1981 1273 2046 inventam

118 2083 242 2150 nullam
271 2082 391 2150 habere
412 2082 564 2150 virtutem
588 2083 752 2150 confessus
775 2089 833 2166 est,
857 2102 929 2148 oum
945 2080 1139 2152 Athenaeus,
1154 2082 1274 2148 malum

116 2185 198 2252 illud
214 2183 370 2251 iudioium
385 2205 449 2252 non
465 2191 629 2269 tamquam
645 2184 761 2251 Diadis
777 2183 895 2268 prodat
915 2184 1100 2267 memoriae,
1124 2183 1182 2251 sed
1204 2184 1275 2268 ipse

117 2287 200 2353 ierre
224 2285 382 2353 videatur.
428 2285 496 2353 Sed
518 2287 694 2370 Vitruvius,
717 2292 752 2352 ut
775 2306 874 2369 supra
896 2286 1187 2372 comprobavimus,
1211 2306 1275 2352 non

117 2390 188 2473 ipse
211 2389 356 2472 inspexit
378 2387 535 2470 Diadem3
565 2390 712 2472 quaestio
740 2388 839 2473 igitur
861 2388 1005 2470 exsistit,
1037 2389 1189 2471 quoniam
1211 2407 1274 2453 non

118 2491 322 2558 Athenaeum
351 2496 480 2558 secutus
510 2497 559 2558 ert
587 2491 659 2574 ille,
689 2489 748 2556 sed
778 2495 913 2574 uterque
948 2489 1085 2556 eundem
1112 2494 1275 2556 auotorem

117 2592 243 2676 reddit,
273 2597 378 2658 utrum
407 2593 434 2659 is
458 2591 581 2660 eisdem
604 2593 672 2660 iere
695 2593 804 2659 verbis
827 2599 924 2676 atque
946 2590 1133 2658 Athenaeus
1155 2589 1196 2657 de
1219 2591 1276 2655 illa

117 2695 271 2762 maehina
298 2695 368 2777 ipse
397 2692 590 2761 iudicaverit
617 2715 674 2777 an,
704 2700 739 2760 ut
761 2693 943 2779 Vitruvius,
973 2692 1143 2760 tradiderit
1170 2694 1276 2777 ipsum

118 2799 181 2864 sibi
210 2794 352 2862 Diadem
382 2794 573 2879 derogess03
608 2797 694 2881 sive,
724 2795 930 2863 utbreviter
959 2795 1081 2878 diuam,
1112 2796 1277 2879 quaeritur

117 2907 225 2966 utrum
248 2900 282 2963 in
305 2898 464 2964 communi
488 2897 576 2964 tonte
599 2898 753 2982 seriptum
775 2899 872 2965 fuerit
890 2889 1005 2985 ‘pqpt'
1032 2919 1073 2964 an
1093 2887 1184 2984 ‘top’
1212 2899 1277 2974 (vel

115 2993 256 3088 ίφησί’).
301 3000 370 3066 Iam
399 3001 432 3065 in
461 3000 632 3084 propatulo
663 3005 712 3066 est
740 2999 880 3066 Diadem
902 3021 965 3067 non
987 3001 1094 3084 ipsum
1117 3019 1207 3067 suam
1231 3001 1276 3064 in-

118 3106 308 3170 ventionem
330 3101 541 3184 vituperasse.
579 3101 745 3169 Vitruvius
768 3102 866 3185 igitur
887 3103 1027 3170 auotoris
1050 3104 1100 3169 sui
1122 3103 1277 3170 iudicium

120 3204 221 3270 Diadi
252 3203 372 3270 tribuit.
417 3201 620 3270 Athenaeum
649 3208 757 3270 autem
782 3203 825 3269 ad
847 3203 993 3272 ¹eiusdem
1016 3207 1155 3272 auctoris
1179 3205 1278 3271 verbs

120 3311 187 3372 tam
203 3311 274 3372 arte
292 3325 326 3372 se
342 3305 561 3389 applioavisse
583 3319 716 3371 neeesse
740 3310 789 3371 est
810 3311 998 3391 statuamus,
1021 3313 1056 3373 ut
1078 3308 1175 3374 etiam
1197 3306 1278 3372 illud

117 3399 235 3495 ‘pappi'
255 3408 298 3474 ad
313 3405 452 3473 litteram
467 3407 501 3470 in
516 3425 608 3472 suum
630 3407 747 3472 librum
770 3408 971 3493 transferret3
994 3411 1124 3493 iamque
1146 3408 1278 3474 dubium

119 3509 166 3593 tit,
189 3516 297 3576 utrum
314 3509 400 3593 quod
423 3509 515 3575 brevi
537 3514 611 3592 post
634 3512 676 3590 (p.
695 3511 745 3590 15,
761 3507 846 3586 9l10)
860 3511 999 3594 legimus
1012 3505 1121 3598 ‘lipare
1145 3504 1280 3593 δ’ἐγρά-

121 3604 251 3694 ψαμεν’
278 3617 310 3678 et
331 3632 363 3696 p.
381 3611 468 3693 3l,8
491 3609 572 3676 illud
591 3601 746 3693 f'e'trpavor‘
779 3613 886 3694 potius
913 3613 1087 3680 referamus
1116 3614 1159 3680 ad
1182 3611 1279 3680 Atho·

122 3733 243 3780 naeum
259 3734 301 3780 an
317 3713 359 3779 ad
376 3713 445 3778 eius
464 3717 637 3779 auctorem.
668 3711 775 3794 Atque
798 3711 860 3780 hoo
879 3707 1034 3799 ‘duptam’
1061 3715 1191 3800 quidem
1215 3717 1278 3782 iam

122 3835 209 3882 nuno
232 3816 332 3882 lioeat
354 3814 491 3898 prodere
508 3811 668 3880 Athenaei
691 3816 814 3881 auotori
837 3816 1042 3884 tribuendum
1065 3837 1145 3904 esse,
1170 3837 1277 3902 quam-

125 3937 223 4000 quam
248 3917 559 4000 argumentationem
586 3914 716 3982 differre
738 3923 883 3998 praestat
905 3919 956 3994 (of.
973 3940 1004 4004 p.
1022 3923 1081 3985 301
1097 3922 1167 4004 sq).

212 4019 308 4086 Nune
323 4038 523 4087 communem
536 4016 696 4083 Athenaei
710 4023 743 4084 et
754 4017 893 4086 Vitruvii
904 4027 1066 4088 auotorem
1080 4021 1279 4104 indagemus.

122 4121 173 4188 Ao
195 4121 460 4189 Waohsmuthius
489 4120 629 4187 animum
657 4138 765 4186 meum
793 4121 934 4189 advertit
965 4123 1008 4190 ad
1037 4124 1279 4206 Agesistratum,
