3270 4968
330 399 391 456 106
754 395 937 465 Engelbertus
955 395 1062 464 Drerup

328 573 537 656 vulgatamve
559 569 747 634 memoriam
771 569 908 647 aooedit,
939 588 979 635 ea
1008 569 1166 652 imprimis
1194 570 1305 652 magni
1332 569 1490 635 momenti

327 681 401 741 sunt
422 673 533 756 verba,
556 690 641 755 qnae
663 690 823 756 papyrum
846 690 919 737 oum
938 671 1078 738 antidosi
1094 671 1288 738 eonoordem
1304 669 1488 750 ostendunt,

328 776 406 860 quia
427 775 600 859 propriam,
631 793 728 857 quam
756 772 898 840 antidosi
926 772 1114 840 addiximus
1141 774 1367 840 auotoritatem
1401 791 1488 836 oom-

325 877 478 962 probant:
503 878 553 942 36.
574 871 661 939 odra
678 873 797 961 ῥᾴδιον
812 875 893 960 Pap.
908 875 1014 939 ΘαΛα
1028 903 1071 926 =
1086 869 1174 937 οὕτω
1192 875 1247 938 καὶ
1264 871 1382 960 ῥᾴδιον
1397 857 1486 939 ΛΠε

327 972 430 1044 abror
452 981 626 1062 προσῆκον
644 979 680 1053 Γ,
705 995 770 1060 qua
792 997 834 1042 ex
856 979 1014 1043 varietate
1037 975 1212 1042 iudieanda
1227 983 1313 1042 totus
1329 975 1382 1042 hio
1397 977 1488 1042 loeus

326 1079 457 1165 pendet,
492 1098 587 1162 quem
617 1080 651 1144 in
679 1079 837 1146 Urbinate
865 1078 998 1161 quidem
1026 1084 1211 1161 eorruptum
1245 1097 1317 1144 esse
1351 1084 1487 1150 constat,

327 1204 399 1250 eum
422 1183 557 1264 vulgata
579 1181 676 1248 leetio
699 1191 819 1246 astoer
847 1179 927 1257 τούς
949 1177 1145 1256 ἀκούοντας,
1175 1199 1272 1261 quarn
1295 1187 1488 1262 receperunt
1618 1193 1619 1214 ¹

325 1284 388 1351 BS.
411 1284 464 1350 Bs.
488 1283 549 1363 Bt,
582 1288 715 1365 propter
744 1282 867 1349 hiatum
897 1285 931 1348 in
960 1287 991 1348 Γ
1017 1287 1198 1348 exstantem
1227 1280 1394 1365 repudiari
1422 1300 1487 1345 non

325 1387 439 1472 possit,
462 1386 525 1451 nisi
547 1385 631 1452 forte
653 1385 755 1451 rerba
777 1380 893 1449 ἀσκεῖν
910 1380 1014 1470 αὐτὴν
1029 1392 1065 1449 ut
1079 1384 1243 1468 glossema
1258 1381 1399 1448 delenda
1414 1401 1487 1448 esse

325 1507 501 1556 censemus.
547 1487 721 1553 Praeterea
743 1486 909 1553 Urbinatis
931 1485 1033 1552 verba
1055 1475 1142 1548 οὕτω
1166 1489 1342 1568 προσῆκον
1365 1493 1487 1546 πεῖσαι

324 1589 403 1666 τούς
426 1585 612 1664 ἀκούοντας
634 1594 746 1672 aptum
773 1608 902 1655 sensum
931 1608 995 1653 non
1025 1587 1155 1670 habent,
1185 1606 1380 1670 quamquam
1403 1584 1487 1650 Ben-

325 1693 449 1760 selerus
470 1692 505 1756 in
527 1689 736 1756 adnotatione
759 1689 853 1756 huius
875 1690 940 1756 looi
963 1709 1002 1756 ea
1032 1689 1206 1755 defendere
1236 1688 1367 1769 studuit,
1396 1687 1487 1752 nullo

324 1797 391 1861 alio
414 1814 511 1878 quam
526 1790 683 1877 Hesychii
706 1790 848 1874 quodam
870 1791 942 1857 loeo
963 1792 1073 1874 allato,
1096 1790 1151 1873 qui
1172 1789 1255 1855 nihil
1276 1788 1485 1856 demonstrat.

326 1895 543 1975 Quamobrem
567 1891 707 1960 Orellius
730 1894 851 1977 primus
874 1894 920 1970 (in
942 1891 1118 1958 addendis:
1148 1912 1179 1975 p.
1204 1890 1332 1971 449150)
1357 1897 1488 1974 etpost

327 2017 400 2064 eum
421 1997 597 2079 Kayserus,
631 2001 666 2060 ut
696 1995 891 2061 medicinam
916 2000 1077 2078 pararent,
1111 1994 1213 2060 verba
1241 1991 1423 2076 πρόχειρον
1452 1999 1488 2056 et

325 2104 502 2182 προσῆκον
537 2101 772 2178 converterunt,
806 2097 922 2179 quibus
954 2096 1099 2162 Blassius
1132 2115 1283 2162 assensus
1315 2100 1374 2161 est.
1417 2093 1486 2160 Sed

326 2220 421 2266 omne
449 2198 513 2264 hoo
542 2197 682 2264 studium
714 2217 756 2262 ex
784 2198 885 2262 nimia
914 2197 1036 2262 oodiois
1059 2196 1225 2263 Urbinatis
1258 2197 1486 2263 aestimatione

325 2301 493 2386 prooessit,
523 2319 618 2382 quem
640 2305 811 2382 tantopere
833 2299 1061 2381 interpolatum
1084 2319 1156 2366 esse
1179 2301 1241 2366 viri
1270 2299 1358 2364 dooti
1387 2318 1487 2381 quam

325 2404 467 2470 maxime
490 2402 663 2484 negabant.
709 2399 804 2478 Quod
826 2422 898 2467 eum
919 2401 1101 2466 recentibus
1124 2401 1239 2466 studiis
1263 2401 1413 2466 edoctum
1432 2401 1487 2481 sit,

324 2505 367 2572 ad
389 2505 555 2587 vulgatam
579 2503 750 2569 lectionem
771 2502 1002 2587 regrediamur,
1026 2521 1109 2585 quae
1132 2504 1249 2586 papyri
1273 2511 1305 2567 et
1327 2502 1488 2569 antidosis

324 2608 482 2674 memoria
503 2625 634 2689 prorsus
658 2605 863 2671 oonfirmatur
885 2609 1035 2687 (excepta
1056 2605 1216 2686 partioula
1238 2605 1306 2686 aul,
1335 2624 1420 2687 quae
1441 2606 1487 2670 ab

325 2708 556 2792 interpolatore
580 2707 615 2772 in
630 2706 760 2773 oodioes
775 2711 852 2770 ΛΠ
865 2709 985 2773 inserta
1001 2693 1080 2780 εει).
1109 2705 1180 2784 Quo
1196 2706 1367 2773 verborum
1384 2713 1487 2771 trans-

325 2810 460 2875 mutatio
482 2809 650 2892 refellitur,
674 2829 770 2892 quarn
792 2808 835 2874 ad
857 2807 1068 2892 archetypum
1091 2811 1195 2874 omnis
1217 2810 1286 2879 fere
1301 2809 1487 2874 Isocrateae

325 2911 501 2978 memoriae
522 2910 630 2976 redire
645 2930 777 2978 neeesse
793 2917 888 2994 esset,
912 2929 1012 2992 quare
1027 2911 1128 2994 loeus,
1152 2931 1225 2977 eum
1240 2911 1373 2993 vulgata
1388 2911 1487 2976 lentio

324 3015 447 3097 optime
480 3013 696 3096 intellegatur,
728 3013 787 3080 sie'
808 3011 1024 3078 restituendus
1059 3019 1122 3078 est:
1156 3008 1344 3095 ἐβουλόμην
1375 3006 1408 3072 d’
1433 3004 1487 3088 dv,

324 3111 440 3198 ὥσπερ
464 3110 646 3198 πρόχειρόν
670 3112 763 3180 ἐστιν
786 3112 965 3180 ἐπαινέσαι
995 3111 1054 3200 τὴν
1084 3106 1216 3196 ἀρετὴν,
1247 3108 1335 3176 οὕτω
1365 3110 1486 3200 ῥᾴδιον

325 3211 414 3282 εἶναι
436 3225 557 3280 πεῖσαι
579 3215 658 3292 σούς
680 3211 866 3291 ἀκούοντας
889 3211 1006 3278 ἀσκεῖν
1022 3207 1134 3299 αὐτὴν.
1174 3219 1224 3280 56.
1248 3212 1487 3298 ἐπιχειρήσαι·

323 3343 385 3398 μεν
418 3319 497 3403 Pap·
523 3316 636 3383 Wass
666 3315 876 3399 ἐπιχειροίην
906 3319 937 3379 Γ
933 3317 1074 3394 ΛΠΛα,
1105 3337 1188 3401 quae
1217 3320 1358 3399 genuina
1387 3319 1488 3385 leutio

322 3426 382 3503 est,
412 3439 455 3486 ex
483 3439 547 3502 qua
574 3419 719 3486 oodioem
741 3419 800 3483 Aa
828 3421 1056 3502 interpolatum
1086 3439 1157 3486 esse
1185 3427 1273 3503 puto.
1317 3419 1488 3487 Antidosis
1618 3473 1619 3478 ,

322 3527 441 3602 autem,
465 3540 549 3604 quae
572 3541 644 3586 oum
666 3541 792 3604 papyro
815 3521 974 3588 consentit
993 3521 1090 3588 leutio
1107 3541 1148 3588 ex
1168 3542 1213 3588 or.
1230 3523 1274 3588 VI
1290 3523 1328 3587 81
1353 3528 1488 3606 reeepta

323 3627 383 3702 est,
414 3620 502 3704 quod
529 3623 682 3704 probatur
703 3625 892 3706 pronomine
917 3645 958 3702 με
982 3619 1152 3700 (ἐπιλίποι
1181 3620 1216 3686 d’
1240 3619 1281 3688 ἄο
1303 3625 1359 3704 με)
1382 3625 1415 3688 in
1439 3625 1489 3686 l“‘³t

322 3719 453 3786 omisso.
501 3725 570 3788 135.
599 3725 753 3809 ποιῆσθε
777 3726 857 3810 Pap.
883 3725 933 3790 (da
954 3729 1164 3812 (ποιήσασθε
1188 3725 1272 3802 A“):
1295 3719 1429 3810 ἡγῆσθε
1447 3729 1487 3810 Γ,

324 3816 469 3904 ἡγεῖσθε
499 3831 547 3888 Λ.
592 3825 659 3893 Sed
688 3848 760 3894 eum
793 3827 950 3895 Isocrates
984 3847 1113 3910 semper
1141 3833 1228 3892 oerta
1258 3826 1340 3894 haee
1369 3829 1487 3893 verba:

323 3923 405 4002 περὶ
428 3924 588 4002 πλείονος
611 3934 795 3994 ποιεῖσθαι
817 3929 982 4012 adhibeat,
1006 3931 1046 3996 ef.
1069 3931 1101 3995 Π
1124 3933 1174 3995 32.
1197 3929 1243 3994 VI
1267 3933 1316 3992 15.
1342 3931 1413 4006 108.
1437 3929 1489 3994 IX

325 4027 377 4090 53.
399 4023 478 4091 XIV
502 4029 540 4092 13
564 4031 655 4114 (περὶ
680 4053 742 4098 om.
767 4035 797 4096 Γ
816 4053 874 4115 pr,
897 4032 973 4097 add.
997 4033 1038 4114 4),
1063 4036 1114 4116 23,
1137 4033 1199 4098 XV
1219 4034 1270 4113 81,
1294 4031 1489 4113 quibusoam

323 4127 487 4194 conferas:
511 4132 591 4212 περὶ
615 4133 776 4198 πλείστου
800 4139 983 4198 ποιεῖσθαι
1006 4135 1037 4200 II
1060 4139 1110 4202 22.
1134 4137 1182 4202 ΙΙΙ
1202 4139 1252 4202 36.
1276 4131 1370 4197 XVII
1389 4138 1414 4198 1.
1434 4137 1489 4196 57.
