3198 4974
308 399 370 458 206
785 399 850 456 Otto
867 399 995 456 Bocksoh

309 592 392 641 esse.
437 573 614 656 Dionysius
640 573 1397 655 011101111121,2Μ110100011111111111
1422 593 1482 658 pe-

307 675 388 742 tenti
403 674 533 760 plebem
549 674 712 740 obstitisse
735 674 850 758 tradat,
874 673 1067 742 Plutarchus
1081 694 1155 742 cum
1179 695 1250 760 cap.
1269 679 1308 738 14
1330 675 1481 764 ineunte,

308 785 376 844 tum
406 798 476 862 cap.
503 780 541 840 15
571 776 701 841 ineunte
728 775 859 859 plebem
887 776 968 843 dicit
996 775 1163 843 Coriolani
1193 777 1348 843 virtutum
1382 796 1479 844 vere·
1576 815 1577 824 .

237 925 238 930 κ
310 878 429 946 cundia
456 877 620 944 adfectam
649 877 754 960 primo
780 878 919 944 veritam
943 897 1031 964 esse,
1062 879 1265 948 consulatum
1288 883 1380 944 tanto
1403 879 1480 945 viro

309 980 488 1063 denegare:
519 979 597 1063 quin
626 979 725 1045 etiam
751 971 864 1062 ’λόγον
893 972 1053 1067 ἀλλήλοις
1080 977 1239 1045 ἐδίδοσαν
1268 973 1314 1055 ὦς
1345 975 1480 1044 ἐκεῖνον

310 1072 571 1156 ἀποδείξοντες.
601 1078 668 1146 Sed
683 1086 793 1146 tamen
809 1100 950 1166 oausam,
975 1103 1040 1168 qua
1058 1083 1200 1165 deniqne
1222 1080 1366 1148 adducta
1380 1083 1481 1165 plebs

308 1185 401 1252 illum
430 1183 620 1266 repulisset,
652 1181 843 1249 Plutarchus
872 1186 912 1259 (c.
938 1189 995 1268 15,
1023 1185 1103 1252 Sint.
1128 1188 1202 1267 431,
1226 1185 1264 1247 21
1283 1183 1379 1266 sqq.)‚
1404 1184 1480 1250 sive

310 1306 382 1354 eam
411 1305 453 1352 ex
476 1285 635 1368 Dionysio
657 1284 806 1367 (111121,
830 1287 849 1348 2
871 1284 938 1364 fin.)
962 1290 1034 1373 ipso
1056 1287 1193 1371 petivit,
1220 1286 1348 1353 sivein
1371 1285 1481 1351 altero

308 1389 408 1470 toute,
430 1387 486 1469 qni
510 1385 571 1452 hac
593 1386 626 1450 in
649 1405 685 1451 re
707 1385 790 1452 forte
812 1407 885 1454 cum
908 1389 1067 1474 Dionysio
1091 1388 1307 1472 congruebat,
1339 1387 1482 1469 invenit,
1577 1419 1578 1464 1

310 1490 461 1572 Dionysii
483 1493 570 1554 certe
593 1488 870 1555 elocutionem
893 1491 1023 1558 imitans
1045 1497 1079 1558 et
1100 1491 1243 1557 dilatans
1267 1488 1435 1572 exposuit.
1577 1475 1578 1480 ¹

394 1591 472 1658 Alia
502 1589 647 1656 eiusdem
675 1591 723 1656 roi
752 1598 959 1675 argumenta,
988 1611 1106 1677 nempe
1134 1592 1251 1676 quibus
1273 1598 1483 1674 apparente

309 1691 485 1759 Plutarcho
518 1691 562 1757 ad
589 1691 692 1758 vitam
720 1692 834 1760 Marcii
864 1693 1030 1760 Coriolani
1062 1691 1311 1762 describendam
1344 1699 1482 1776 praeter

309 1795 503 1879 Dionysium
522 1794 658 1860 alterum
674 1794 837 1877 quendam
859 1796 1050 1879 scriptorem
1074 1815 1146 1863 esse
1168 1793 1363 1876 adhibitum,
1387 1792 1482 1860 facili

310 1917 409 1980 opera
431 1897 587 1980 petiveris
617 1915 659 1962 ex
688 1895 790 1961 Plut.
821 1895 906 1962 Cor.
937 1917 1048 1983 oapp.
1080 1901 1120 1962 14
1150 1902 1189 1964 01
1220 1901 1259 1960 15
1288 1897 1481 1964 ineuntibus

311 1999 438 2066 collatis
454 2019 526 2064 cum
543 1997 652 2064 Cass.
677 1996 794 2062 Dion.
817 1997 860 2062 fr.
888 2002 976 2073 17,5
1000 2007 1040 2065 et
1061 1999 1231 2082 Dionys.
1254 1999 1329 2064 VII
1352 2001 1411 2082 21;
1440 2034 1480 2044 -

311 2121 354 2167 ex
369 2101 473 2166 Plut.
496 2099 581 2167 Cor.
605 2118 720 2182 capp.
739 2101 779 2162 16
802 2098 986 2184 18111432,
1009 2103 1064 2177 29)
1087 2094 1310 2183 (περιχυθεὶς
1334 2093 1352 2163 ὁ
1371 2097 1481 2188 δῆμος

312 2200 444 2280 ἔξωθεν
473 2197 667 2284 ἐκαραδόκει
695 2197 734 2266 τὸ
764 2199 871 2280 τέλος)
894 2209 934 2269 01
957 2206 1003 2267 17
1029 2201 1121 2281 (sint.
1145 2205 1218 2288 433,
1243 2195 1481 2287 31)(01γὰρ

311 2302 474 2392 δήμαρχοι
501 2349 509 2366 .
536 2353 544 2367 .
573 2353 581 2366 .
609 2299 790 2386 ἐξέδραμον
820 2300 869 2380 εἰς
894 2301 954 2369 τὸν
985 2296 1082 2385 ὄχλον
1105 2299 1190 2386 μετὰ
1214 2294 1319 2387 βοῆξ)
1348 2304 1480 2371 collatis

311 2427 383 2474 oum
410 2407 494 2473 hir.
517 2407 556 2472 II
585 2409 649 2489 35,
681 2409 700 2469 2
734 2400 792 2486 (in
821 2413 994 2474 exeuntem
1023 2427 1065 2474 ex
1094 2406 1185 2473 curia
1210 2407 1350 2491 impetus
1373 2405 1480 2472 factus

311 2514 413 2592 esset,
443 2509 476 2573 ni
500 2558 507 2572 .
532 2557 539 2573 .
563 2500 594 2585 3)
618 2515 650 2575 01
672 2509 788 2574 Dion.
818 2509 893 2575 VII
925 2511 1096 2591 21-26;
1126 2541 1168 2554 ·-
1192 2526 1233 2572 ex
1256 2507 1359 2573 Plut.
1388 2507 1479 2574 Cor.

311 2630 395 2692 cap.
427 2612 474 2674 26
497 2616 635 2677 exeunte
666 2610 759 2689 (Sint.
783 2613 863 2693 443,
889 2609 944 2694 18)
965 2599 1050 2688 (iius
1084 2609 1266 2690 συμμαχῶν
1295 2600 1480 2698 ὠφελήσει,

311 2703 332 2779 ὅ
341 2733 392 2776 σα
407 2710 565 2792 πολεμῶν
581 2703 653 2775 οὐκ
669 2703 840 2795 ἔβλαψα)
857 2713 976 2779 0011110
993 2731 1065 2778 eum
1080 2705 1319 2778 0111111011.
1335 2713 1373 2777 fr.
1391 2715 1442 2795 17,
1461 2717 1480 2776 5

310 2806 553 2894 (ἀντίπαλα
581 2800 603 2899 ἢ
631 2814 702 2878 καὶ
731 2812 860 2895 μείζω
890 2806 930 2878 δι’
966 2805 1068 2878 αὐτὸν
1096 2808 1176 2890 τοὺς
1202 2805 1401 2895 Ῥωμαίους,
1431 2807 1480 2878 ὥν

311 2913 448 2980 ἔπαθον
462 2918 519 2992 (sc.
536 2913 569 2980 οἱ
590 2907 780 3000 obtrunca),
797 2913 934 3001 δράσειν
951 2905 1242 2992 ἀντελπίσανταξ)
1259 2922 1292 2983 01
1306 2916 1479 3000 Dionys.

312 3017 408 3084 VIII
439 3022 467 3100 1,
498 3021 518 3082 6
548 3009 802 3100 (ὑπισχνοῦμαι
831 3016 867 3082 δέ
897 3039 953 3083 σοι
975 3007 1139 3082 τοσαῦτ’
1173 3007 1291 3099 ἀγαθὰ
1318 3015 1480 3102 ποιήσειν

317 3111 548 3195 Οὐολούσκους
564 3118 664 3204 φίλος
679 3121 728 3203 τῷ
744 3117 840 3185 ἔθνει
853 3116 1039 3204 γενόμενος,
1063 3109 1139 3184 ὅσα
1159 3113 1246 3182 κακὰ
1269 3115 1479 3205 εἰργασάμην

313 3218 437 3306 ἐχθρὸς
460 3213 540 3300 ὤν’).

398 3323 464 3391 Sed
487 3343 582 3407 spero
605 3324 669 3405 eis,
701 3343 785 3407 quae
807 3321 916 3389 adhuc
938 3321 1120 3406 disputavi,
1148 3341 1217 3388 rem
1240 3321 1319 3388 satis
1342 3320 1479 3388 demon·

313 3434 444 3494 stratam
474 3445 555 3492 esse.
600 3427 670 3492 lam
698 3444 777 3492 vero
800 3423 948 3506 quaestio
972 3424 1131 3506 exoritur,
1155 3443 1231 3489 num
1254 3423 1334 3507 quid
1356 3425 1478 3494 certius

312 3529 354 3594 de
383 3529 516 3594 altero
545 3528 619 3594 illo
649 3529 763 3593 fonte
786 3526 950 3592 enucleari
973 3525 1084 3608 possit
1123 3523 1228 3603 Quam
1247 3531 1283 3591 ut
1298 3526 1478 3610 solvamus,

312 3629 493 3695 accuratius
522 3630 631 3713 priora
654 3629 817 3698 Coriolani
849 3629 958 3712 capita
987 3646 1179 3712 percensere
1207 3646 1287 3712 opus
1310 3629 1380 3694 erit.
1427 3627 1478 3695 Ac

314 3731 456 3796 maxime
484 3731 615 3813 quidem
638 3733 671 3797 in
695 3751 789 3815 capp.
814 3730 841 3794 V
865 3737 898 3796 et
919 3729 964 3796 Vl
986 3729 1119 3796 alterins
1141 3729 1240 3797 fontis
1261 3729 1385 3796 indicia
1407 3748 1477 3796 eer-

313 3839 444 3914 uuntur,
474 3838 510 3897 ut
537 3853 632 3899 nomo
662 3832 771 3899 adhuc
799 3831 881 3897 haec
909 3831 1042 3897 aliunde
1069 3831 1172 3915 petita
1202 3849 1274 3898 esse
1295 3832 1477 3915 negaverit.

314 3935 378 4000 Hic
393 3935 478 3999 enim
494 3932 685 4002 Plutarchus
702 3934 886 4000 summatim
903 3932 944 4000 de
964 3933 1032 4000 illis
1053 3935 1137 3999 inter
1158 3939 1268 4017 patres
1291 3938 1325 3999 et
1344 3933 1477 4017 plebem

315 4035 530 4103 seditionibus
546 4047 683 4119 01111111,
708 4036 823 4120 quibus
839 4035 1024 4119 respublica
1038 4036 1187 4102 Romana
1201 4034 1285 4102 adeo
1308 4035 1477 4118 implicata

260 4173 263 4181 ·
316 4157 387 4204 esse
410 4136 527 4217 fertur,
550 4143 585 4202 ut
607 4137 748 4222 denique
770 4138 864 4221 plebs
888 4138 1064 4204 secederet.
1108 4137 1146 4202 In
1169 4137 1356 4204 universum
1378 4135 1478 4220 igitur
