<?xml version="1.0" encoding="UTF-8"?>
<!DOCTYPE html PUBLIC "-//W3C//DTD XHTML 1.0 Transitional//EN"
    "http://www.w3.org/TR/xhtml1/DTD/xhtml1-transitional.dtd">
<html xmlns="http://www.w3.org/1999/xhtml" xml:lang="en" lang="en">
 <head>
  <title>
</title>
<meta http-equiv="Content-Type" content="text/html;charset=utf-8" />
  <meta name='ocr-system' content='tesseract 3.04.00' />
  <meta name='ocr-capabilities' content='ocr_page ocr_carea ocr_par ocr_line ocrx_word'/>
</head>
<body>
  <div class='ocr_page' id='page_1' title='image "./leipzigerstudie00curtgoog_0033.png"; bbox 0 0 3318 4970; ppageno 0'>
   <div class='ocr_carea' id='block_1_1' title="bbox 496 385 1360 456">
    <p class='ocr_par' dir='ltr' id='par_1_1' title="bbox 496 385 1360 456">
     <span class='ocr_line' id='line_1_1' title="bbox 496 385 1360 456; baseline 0.001 -15"><span class='ocrx_word' id='word_1_1' title='bbox 496 386 537 441; x_wconf 90' lang='lat' dir='ltr'>Do</span> <span class='ocrx_word' id='word_1_2' title='bbox 554 387 658 456; x_wconf 82' lang='lat' dir='ltr'>legione</span> <span class='ocrx_word' id='word_1_3' title='bbox 676 385 859 442; x_wconf 80' lang='lat' dir='ltr'>Romanorum</span> <span class='ocrx_word' id='word_1_4' title='bbox 877 385 899 441; x_wconf 92' lang='lat' dir='ltr'>l.</span> <span class='ocrx_word' id='word_1_5' title='bbox 919 385 1066 443; x_wconf 81' lang='lat' dir='ltr'><strong>Adiutrice.</strong></span> <span class='ocrx_word' id='word_1_6' title='bbox 1320 385 1360 445; x_wconf 84' lang='lat'>21</span> 
     </span>
    </p>
   </div>
   <div class='ocr_carea' id='block_1_2' title="bbox 210 558 1431 3701">
    <p class='ocr_par' dir='ltr' id='par_1_2' title="bbox 212 558 1364 1560">
     <span class='ocr_line' id='line_1_2' title="bbox 297 558 1362 643; baseline -0.001 -17"><span class='ocrx_word' id='word_1_7' title='bbox 297 559 363 627; x_wconf 87' lang='lat' dir='ltr'>Sed</span> <span class='ocrx_word' id='word_1_8' title='bbox 379 567 413 627; x_wconf 93' lang='lat' dir='ltr'>ut</span> <span class='ocrx_word' id='word_1_9' title='bbox 428 561 620 642; x_wconf 83' lang='lat' dir='ltr'>enucleetur,</span> <span class='ocrx_word' id='word_1_10' title='bbox 644 559 721 643; x_wconf 92' lang='lat' dir='ltr'>qnid</span> <span class='ocrx_word' id='word_1_11' title='bbox 744 559 806 626; x_wconf 88' lang='lat' dir='ltr'>sibi</span> <span class='ocrx_word' id='word_1_12' title='bbox 829 559 909 625; x_wconf 89' lang='lat' dir='ltr'>velit</span> <span class='ocrx_word' id='word_1_13' title='bbox 930 577 1047 624; x_wconf 92' lang='lat' dir='ltr'>nomen</span> <span class='ocrx_word' id='word_1_14' title='bbox 1068 558 1205 641; x_wconf 81' lang='lat' dir='ltr'>legionis</span> <span class='ocrx_word' id='word_1_15' title='bbox 1221 559 1362 625; x_wconf 85' lang='lat' dir='ltr'>Adiutri-</span> 
     </span>
     <span class='ocr_line' id='line_1_3' title="bbox 213 658 1362 747; baseline -0.003 -16"><span class='ocrx_word' id='word_1_16' title='bbox 213 665 267 747; x_wconf 88' lang='lat' dir='ltr'>cis,</span> <span class='ocrx_word' id='word_1_17' title='bbox 292 663 406 730; x_wconf 92' lang='lat' dir='ltr'>iterum</span> <span class='ocrx_word' id='word_1_18' title='bbox 427 662 564 746; x_wconf 84' lang='lat' dir='ltr'>legionis</span> <span class='ocrx_word' id='word_1_19' title='bbox 587 660 628 726; x_wconf 93' lang='lat' dir='ltr'>ll.</span> <span class='ocrx_word' id='word_1_20' title='bbox 651 660 826 726; x_wconf 80' lang='lat' dir='ltr'>Adiutricis</span> <span class='ocrx_word' id='word_1_21' title='bbox 855 661 937 726; x_wconf 91' lang='lat' dir='ltr'>ratio</span> <span class='ocrx_word' id='word_1_22' title='bbox 960 658 1110 726; x_wconf 88' lang='lat' dir='ltr'>habenda</span> <span class='ocrx_word' id='word_1_23' title='bbox 1132 667 1189 727; x_wconf 90' lang='lat' dir='ltr'>est.</span> <span class='ocrx_word' id='word_1_24' title='bbox 1236 661 1362 728; x_wconf 79' lang='lat' dir='ltr'>Etenim</span> 
     </span>
     <span class='ocr_line' id='line_1_4' title="bbox 213 761 1362 850; baseline -0.003 -19"><span class='ocrx_word' id='word_1_25' title='bbox 213 765 300 850; x_wconf 88' lang='lat' dir='ltr'>quod</span> <span class='ocrx_word' id='word_1_26' title='bbox 332 765 435 831; x_wconf 89' lang='lat' dir='ltr'>altera</span> <span class='ocrx_word' id='word_1_27' title='bbox 467 764 553 846; x_wconf 92' lang='lat' dir='ltr'>legio</span> <span class='ocrx_word' id='word_1_28' title='bbox 582 763 718 829; x_wconf 87' lang='lat' dir='ltr'>classica</span> <span class='ocrx_word' id='word_1_29' title='bbox 747 761 861 828; x_wconf 87' lang='lat' dir='ltr'>eodem</span> <span class='ocrx_word' id='word_1_30' title='bbox 895 762 1084 844; x_wconf 90' lang='lat' dir='ltr'>cognomine</span> <span class='ocrx_word' id='word_1_31' title='bbox 1118 762 1271 846; x_wconf 86' lang='lat' dir='ltr'>insignita</span> <span class='ocrx_word' id='word_1_32' title='bbox 1304 771 1362 848; x_wconf 91' lang='lat' dir='ltr'>est,</span> 
     </span>
     <span class='ocr_line' id='line_1_5' title="bbox 212 863 1363 950; baseline -0.004 -16"><span class='ocrx_word' id='word_1_33' title='bbox 212 868 365 950; x_wconf 90' lang='lat' dir='ltr'>sequitur,</span> <span class='ocrx_word' id='word_1_34' title='bbox 394 871 429 931; x_wconf 94' lang='lat' dir='ltr'>ut</span> <span class='ocrx_word' id='word_1_35' title='bbox 455 864 489 930; x_wconf 91' lang='lat' dir='ltr'>id</span> <span class='ocrx_word' id='word_1_36' title='bbox 517 883 692 948; x_wconf 81' lang='lat' dir='ltr'>cognomen</span> <span class='ocrx_word' id='word_1_37' title='bbox 721 863 764 930; x_wconf 90' lang='lat' dir='ltr'>ad</span> <span class='ocrx_word' id='word_1_38' title='bbox 793 883 865 930; x_wconf 89' lang='lat' dir='ltr'>eam</span> <span class='ocrx_word' id='word_1_39' title='bbox 888 863 1107 931; x_wconf 89' lang='lat' dir='ltr'>condicionem</span> <span class='ocrx_word' id='word_1_40' title='bbox 1132 864 1299 949; x_wconf 84' lang='lat' dir='ltr'>pertineat,</span> <span class='ocrx_word' id='word_1_41' title='bbox 1328 863 1363 930; x_wconf 92' lang='lat' dir='ltr'>in</span> 
     </span>
     <span class='ocr_line' id='line_1_6' title="bbox 214 966 1363 1053; baseline -0.003 -18"><span class='ocrx_word' id='word_1_42' title='bbox 214 989 277 1053; x_wconf 86' lang='lat' dir='ltr'>qua</span> <span class='ocrx_word' id='word_1_43' title='bbox 292 976 427 1052; x_wconf 90' lang='lat' dir='ltr'>utraque</span> <span class='ocrx_word' id='word_1_44' title='bbox 449 968 536 1052; x_wconf 88' lang='lat' dir='ltr'>legio</span> <span class='ocrx_word' id='word_1_45' title='bbox 551 966 685 1033; x_wconf 82' lang='lat' dir='ltr'>vixdum</span> <span class='ocrx_word' id='word_1_46' title='bbox 702 966 884 1050; x_wconf 86' lang='lat' dir='ltr'>conscripta</span> <span class='ocrx_word' id='word_1_47' title='bbox 898 971 976 1047; x_wconf 89' lang='lat' dir='ltr'>crat,</span> <span class='ocrx_word' id='word_1_48' title='bbox 1000 985 1082 1048; x_wconf 89' lang='lat' dir='ltr'>quae</span> <span class='ocrx_word' id='word_1_49' title='bbox 1098 985 1170 1032; x_wconf 92' lang='lat' dir='ltr'>cum</span> <span class='ocrx_word' id='word_1_50' title='bbox 1186 973 1363 1033; x_wconf 88' lang='lat' dir='ltr'>ceterarum</span> 
     </span>
     <span class='ocr_line' id='line_1_7' title="bbox 213 1067 1359 1155; baseline -0.003 -19"><span class='ocrx_word' id='word_1_51' title='bbox 213 1071 377 1155; x_wconf 88' lang='lat' dir='ltr'>legionum</span> <span class='ocrx_word' id='word_1_52' title='bbox 401 1069 590 1137; x_wconf 90' lang='lat' dir='ltr'>condicione</span> <span class='ocrx_word' id='word_1_53' title='bbox 613 1069 793 1151; x_wconf 89' lang='lat' dir='ltr'>comparari</span> <span class='ocrx_word' id='word_1_54' title='bbox 816 1087 880 1132; x_wconf 91' lang='lat' dir='ltr'>non</span> <span class='ocrx_word' id='word_1_55' title='bbox 908 1073 1042 1151; x_wconf 88' lang='lat' dir='ltr'>poterat.</span> <span class='ocrx_word' id='word_1_56' title='bbox 1087 1067 1171 1134; x_wconf 91' lang='lat' dir='ltr'>Nam</span> <span class='ocrx_word' id='word_1_57' title='bbox 1194 1067 1257 1134; x_wconf 89' lang='lat' dir='ltr'>hae</span> <span class='ocrx_word' id='word_1_58' title='bbox 1279 1069 1359 1150; x_wconf 90' lang='lat' dir='ltr'>legi-</span> 
     </span>
     <span class='ocr_line' id='line_1_8' title="bbox 215 1169 1363 1253; baseline -0.003 -13"><span class='ocrx_word' id='word_1_59' title='bbox 215 1193 292 1240; x_wconf 86' lang='lat' dir='ltr'>ones</span> <span class='ocrx_word' id='word_1_60' title='bbox 316 1193 333 1238; x_wconf 92' lang='lat' dir='ltr'>e</span> <span class='ocrx_word' id='word_1_61' title='bbox 357 1174 459 1239; x_wconf 87' lang='lat' dir='ltr'>classe</span> <span class='ocrx_word' id='word_1_62' title='bbox 489 1169 653 1253; x_wconf 85' lang='lat' dir='ltr'>oriundae,</span> <span class='ocrx_word' id='word_1_63' title='bbox 683 1189 815 1252; x_wconf 88' lang='lat' dir='ltr'>quarum</span> <span class='ocrx_word' id='word_1_64' title='bbox 843 1170 939 1252; x_wconf 92' lang='lat' dir='ltr'>primi</span> <span class='ocrx_word' id='word_1_65' title='bbox 962 1169 1079 1235; x_wconf 82' lang='lat' dir='ltr'>milites</span> <span class='ocrx_word' id='word_1_66' title='bbox 1101 1170 1178 1236; x_wconf 89' lang='lat' dir='ltr'>iuris</span> <span class='ocrx_word' id='word_1_67' title='bbox 1201 1171 1363 1253; x_wconf 90' lang='lat' dir='ltr'>peregrini</span> 
     </span>
     <span class='ocr_line' id='line_1_9' title="bbox 213 1272 1363 1355; baseline -0.004 -12"><span class='ocrx_word' id='word_1_68' title='bbox 213 1281 329 1350; x_wconf 85' lang='lat' dir='ltr'>essent,</span> <span class='ocrx_word' id='word_1_69' title='bbox 358 1273 450 1340; x_wconf 92' lang='lat' dir='ltr'>initio</span> <span class='ocrx_word' id='word_1_70' title='bbox 479 1273 520 1340; x_wconf 92' lang='lat' dir='ltr'>ob</span> <span class='ocrx_word' id='word_1_71' title='bbox 550 1291 620 1338; x_wconf 88' lang='lat' dir='ltr'>eam</span> <span class='ocrx_word' id='word_1_72' title='bbox 648 1272 751 1355; x_wconf 89' lang='lat' dir='ltr'>ipsam</span> <span class='ocrx_word' id='word_1_73' title='bbox 772 1291 901 1338; x_wconf 87' lang='lat' dir='ltr'>causam</span> <span class='ocrx_word' id='word_1_74' title='bbox 931 1291 995 1338; x_wconf 91' lang='lat' dir='ltr'>non</span> <span class='ocrx_word' id='word_1_75' title='bbox 1017 1290 1111 1354; x_wconf 90' lang='lat' dir='ltr'>pares</span> <span class='ocrx_word' id='word_1_76' title='bbox 1136 1279 1226 1338; x_wconf 89' lang='lat' dir='ltr'>erant</span> <span class='ocrx_word' id='word_1_77' title='bbox 1249 1272 1363 1338; x_wconf 88' lang='lat' dir='ltr'>ceteris</span> 
     </span>
     <span class='ocr_line' id='line_1_10' title="bbox 212 1372 1364 1460; baseline -0.003 -18"><span class='ocrx_word' id='word_1_78' title='bbox 212 1377 405 1460; x_wconf 86' lang='lat' dir='ltr'>legionibus,</span> <span class='ocrx_word' id='word_1_79' title='bbox 436 1393 535 1458; x_wconf 87' lang='lat' dir='ltr'>quare</span> <span class='ocrx_word' id='word_1_80' title='bbox 564 1372 803 1439; x_wconf 89' lang='lat' dir='ltr'>Adiutrices</span> <span class='ocrx_word' id='word_1_81' title='bbox 832 1372 1088 1456; x_wconf 85' lang='lat' dir='ltr'>appellabantur,</span> <span class='ocrx_word' id='word_1_82' title='bbox 1124 1379 1158 1439; x_wconf 90' lang='lat' dir='ltr'>ut</span> <span class='ocrx_word' id='word_1_83' title='bbox 1186 1391 1364 1455; x_wconf 78' lang='lat' dir='ltr'>cognomen</span> 
     </span>
     <span class='ocr_line' id='line_1_11' title="bbox 213 1475 1050 1560; baseline -0.005 -17"><span class='ocrx_word' id='word_1_84' title='bbox 213 1479 332 1544; x_wconf 86' lang='lat' dir='ltr'>virtute</span> <span class='ocrx_word' id='word_1_85' title='bbox 354 1478 431 1544; x_wconf 90' lang='lat' dir='ltr'>belli</span> <span class='ocrx_word' id='word_1_86' title='bbox 455 1482 581 1560; x_wconf 90' lang='lat' dir='ltr'>partum</span> <span class='ocrx_word' id='word_1_87' title='bbox 604 1494 668 1541; x_wconf 92' lang='lat' dir='ltr'>non</span> <span class='ocrx_word' id='word_1_88' title='bbox 691 1495 762 1541; x_wconf 87' lang='lat' dir='ltr'>esse</span> <span class='ocrx_word' id='word_1_89' title='bbox 785 1475 864 1540; x_wconf 86' lang='lat' dir='ltr'>satis</span> <span class='ocrx_word' id='word_1_90' title='bbox 886 1480 1050 1558; x_wconf 89' lang='lat' dir='ltr'>appareat.</span> 
     </span>
    </p>

    <p class='ocr_par' dir='ltr' id='par_1_3' title="bbox 210 1576 1431 2068">
     <span class='ocr_line' id='line_1_12' title="bbox 298 1576 1364 1660; baseline -0.002 -16"><span class='ocrx_word' id='word_1_91' title='bbox 298 1579 497 1645; x_wconf 87' lang='lat' dir='ltr'>Adiutricem</span> <span class='ocrx_word' id='word_1_92' title='bbox 514 1596 591 1659; x_wconf 89' lang='lat' dir='ltr'>ergo</span> <span class='ocrx_word' id='word_1_93' title='bbox 607 1595 678 1643; x_wconf 90' lang='lat' dir='ltr'>eam</span> <span class='ocrx_word' id='word_1_94' title='bbox 695 1577 856 1659; x_wconf 88' lang='lat' dir='ltr'>legionem</span> <span class='ocrx_word' id='word_1_95' title='bbox 872 1576 1097 1660; x_wconf 89' lang='lat' dir='ltr'>intellegimus,</span> <span class='ocrx_word' id='word_1_96' title='bbox 1121 1594 1204 1659; x_wconf 89' lang='lat' dir='ltr'>quae</span> <span class='ocrx_word' id='word_1_97' title='bbox 1221 1596 1238 1642; x_wconf 90' lang='lat' dir='ltr'>e</span> <span class='ocrx_word' id='word_1_98' title='bbox 1254 1578 1364 1644; x_wconf 87' lang='lat' dir='ltr'>classi-</span> 
     </span>
     <span class='ocr_line' id='line_1_13' title="bbox 213 1676 1365 1762; baseline -0.003 -14"><span class='ocrx_word' id='word_1_99' title='bbox 213 1683 260 1748; x_wconf 91' lang='lat' dir='ltr'>cis</span> <span class='ocrx_word' id='word_1_100' title='bbox 295 1681 467 1748; x_wconf 88' lang='lat' dir='ltr'>constituta</span> <span class='ocrx_word' id='word_1_101' title='bbox 500 1679 702 1745; x_wconf 88' lang='lat' dir='ltr'>tumultuosis</span> <span class='ocrx_word' id='word_1_102' title='bbox 731 1678 928 1762; x_wconf 90' lang='lat' dir='ltr'>temporibus</span> <span class='ocrx_word' id='word_1_103' title='bbox 957 1676 1093 1744; x_wconf 90' lang='lat' dir='ltr'>subsidii</span> <span class='ocrx_word' id='word_1_104' title='bbox 1122 1697 1220 1744; x_wconf 87' lang='lat' dir='ltr'>causa</span> <span class='ocrx_word' id='word_1_105' title='bbox 1250 1679 1365 1745; x_wconf 86' lang='lat' dir='ltr'>ceteris</span> 
     </span>
     <span class='ocr_line' id='line_1_14' title="bbox 213 1779 1366 1866; baseline -0.003 -18"><span class='ocrx_word' id='word_1_106' title='bbox 213 1783 395 1866; x_wconf 90' lang='lat' dir='ltr'>legionibus</span> <span class='ocrx_word' id='word_1_107' title='bbox 427 1781 541 1848; x_wconf 89' lang='lat' dir='ltr'>addita</span> <span class='ocrx_word' id='word_1_108' title='bbox 572 1787 629 1847; x_wconf 92' lang='lat' dir='ltr'>est.</span> <span class='ocrx_word' id='word_1_109' title='bbox 680 1779 827 1848; x_wconf 86' lang='lat' dir='ltr'>Nominis</span> <span class='ocrx_word' id='word_1_110' title='bbox 861 1780 958 1862; x_wconf 89' lang='lat' dir='ltr'>igitur</span> <span class='ocrx_word' id='word_1_111' title='bbox 991 1780 1041 1844; x_wconf 84' lang='lat' dir='ltr'>vis</span> <span class='ocrx_word' id='word_1_112' title='bbox 1075 1787 1107 1845; x_wconf 91' lang='lat' dir='ltr'>et</span> <span class='ocrx_word' id='word_1_113' title='bbox 1139 1779 1237 1862; x_wconf 91' lang='lat' dir='ltr'>notio,</span> <span class='ocrx_word' id='word_1_114' title='bbox 1271 1781 1298 1846; x_wconf 90' lang='lat' dir='ltr'>si</span> <span class='ocrx_word' id='word_1_115' title='bbox 1332 1780 1366 1845; x_wconf 89' lang='lat' dir='ltr'>in</span> 
     </span>
     <span class='ocr_line' id='line_1_15' title="bbox 213 1873 1431 1966; baseline -0.002 -16"><span class='ocrx_word' id='word_1_116' title='bbox 213 1890 355 1952; x_wconf 90' lang='lat' dir='ltr'>nostrum</span> <span class='ocrx_word' id='word_1_117' title='bbox 389 1903 568 1951; x_wconf 87' lang='lat' dir='ltr'>sermonem</span> <span class='ocrx_word' id='word_1_118' title='bbox 603 1889 791 1950; x_wconf 89' lang='lat' dir='ltr'>convertere</span> <span class='ocrx_word' id='word_1_119' title='bbox 821 1883 882 1959; x_wconf 89' lang='lat' dir='ltr'>vis,</span> <span class='ocrx_word' id='word_1_120' title='bbox 918 1887 967 1947; x_wconf 90' lang='lat' dir='ltr'>est</span> <span class='ocrx_word' id='word_1_121' title='bbox 993 1873 1278 1966; x_wconf 85' lang='lat' dir='ltr'>‘Aushillfslcgion’</span> <span class='ocrx_word' id='word_1_122' title='bbox 1310 1886 1366 1948; x_wconf 94' lang='lat' dir='ltr'>aut</span> <span class='ocrx_word' id='word_1_123' title='bbox 1429 1885 1431 1890; x_wconf 85' lang='lat'>&#39;</span> 
     </span>
     <span class='ocr_line' id='line_1_16' title="bbox 210 1976 523 2068; baseline 0 -18"><span class='ocrx_word' id='word_1_124' title='bbox 210 1976 523 2068; x_wconf 81' lang='lat' dir='ltr'>‘Reservelegiou&#39;.¹l</span> 
     </span>
    </p>

    <p class='ocr_par' dir='ltr' id='par_1_4' title="bbox 213 2085 1367 2781">
     <span class='ocr_line' id='line_1_17' title="bbox 299 2085 1364 2172; baseline -0.003 -18"><span class='ocrx_word' id='word_1_125' title='bbox 299 2087 351 2154; x_wconf 84' lang='lat' dir='ltr'>Ad</span> <span class='ocrx_word' id='word_1_126' title='bbox 366 2108 463 2172; x_wconf 89' lang='lat' dir='ltr'>quam</span> <span class='ocrx_word' id='word_1_127' title='bbox 479 2088 773 2172; x_wconf 87' lang='lat' dir='ltr'>interpretationem</span> <span class='ocrx_word' id='word_1_128' title='bbox 789 2085 910 2168; x_wconf 90' lang='lat' dir='ltr'>optime</span> <span class='ocrx_word' id='word_1_129' title='bbox 925 2085 1085 2170; x_wconf 85' lang='lat' dir='ltr'>convenit,</span> <span class='ocrx_word' id='word_1_130' title='bbox 1103 2086 1189 2169; x_wconf 90' lang='lat' dir='ltr'>quod</span> <span class='ocrx_word' id='word_1_131' title='bbox 1205 2086 1364 2169; x_wconf 89' lang='lat' dir='ltr'>legionem</span> 
     </span>
     <span class='ocr_line' id='line_1_18' title="bbox 214 2186 1365 2273; baseline -0.002 -19"><span class='ocrx_word' id='word_1_132' title='bbox 214 2190 289 2257; x_wconf 92' lang='lat' dir='ltr'>inde</span> <span class='ocrx_word' id='word_1_133' title='bbox 318 2192 359 2257; x_wconf 91' lang='lat' dir='ltr'>ab</span> <span class='ocrx_word' id='word_1_134' title='bbox 388 2191 480 2256; x_wconf 90' lang='lat' dir='ltr'>initio</span> <span class='ocrx_word' id='word_1_135' title='bbox 502 2188 700 2255; x_wconf 84' lang='lat' dir='ltr'>Adiutricem</span> <span class='ocrx_word' id='word_1_136' title='bbox 729 2188 927 2272; x_wconf 85' lang='lat' dir='ltr'>appellatam</span> <span class='ocrx_word' id='word_1_137' title='bbox 956 2206 1027 2253; x_wconf 88' lang='lat' dir='ltr'>csse</span> <span class='ocrx_word' id='word_1_138' title='bbox 1049 2194 1181 2254; x_wconf 90' lang='lat' dir='ltr'>constat.</span> <span class='ocrx_word' id='word_1_139' title='bbox 1227 2186 1297 2266; x_wconf 81' lang='lat' dir='ltr'>Quo</span> <span class='ocrx_word' id='word_1_140' title='bbox 1320 2187 1365 2273; x_wconf 89' lang='lat' dir='ltr'>iit,</span> 
     </span>
     <span class='ocr_line' id='line_1_19' title="bbox 213 2289 1365 2374; baseline -0.003 -16"><span class='ocrx_word' id='word_1_141' title='bbox 213 2301 248 2358; x_wconf 94' lang='lat' dir='ltr'>ut</span> <span class='ocrx_word' id='word_1_142' title='bbox 271 2293 368 2358; x_wconf 90' lang='lat' dir='ltr'>etiam</span> <span class='ocrx_word' id='word_1_143' title='bbox 390 2293 528 2359; x_wconf 91' lang='lat' dir='ltr'>nominis</span> <span class='ocrx_word' id='word_1_144' title='bbox 551 2292 601 2358; x_wconf 86' lang='lat' dir='ltr'>vis</span> <span class='ocrx_word' id='word_1_145' title='bbox 624 2296 656 2356; x_wconf 91' lang='lat' dir='ltr'>et</span> <span class='ocrx_word' id='word_1_146' title='bbox 679 2290 768 2372; x_wconf 89' lang='lat' dir='ltr'>origo</span> <span class='ocrx_word' id='word_1_147' title='bbox 791 2289 834 2356; x_wconf 88' lang='lat' dir='ltr'>ad</span> <span class='ocrx_word' id='word_1_148' title='bbox 857 2308 929 2355; x_wconf 91' lang='lat' dir='ltr'>eum</span> <span class='ocrx_word' id='word_1_149' title='bbox 952 2290 1131 2372; x_wconf 92' lang='lat' dir='ltr'>principem</span> <span class='ocrx_word' id='word_1_150' title='bbox 1154 2295 1286 2374; x_wconf 91' lang='lat' dir='ltr'>spectet,</span> <span class='ocrx_word' id='word_1_151' title='bbox 1310 2291 1365 2372; x_wconf 89' lang='lat' dir='ltr'>qui</span> 
     </span>
     <span class='ocr_line' id='line_1_20' title="bbox 214 2389 1366 2477; baseline -0.002 -19"><span class='ocrx_word' id='word_1_152' title='bbox 214 2395 375 2476; x_wconf 90' lang='lat' dir='ltr'>legionem</span> <span class='ocrx_word' id='word_1_153' title='bbox 399 2394 531 2477; x_wconf 89' lang='lat' dir='ltr'>creavit,</span> <span class='ocrx_word' id='word_1_154' title='bbox 554 2392 596 2459; x_wconf 88' lang='lat' dir='ltr'>ad</span> <span class='ocrx_word' id='word_1_155' title='bbox 619 2391 789 2457; x_wconf 89' lang='lat' dir='ltr'>Neronem.</span> <span class='ocrx_word' id='word_1_156' title='bbox 834 2391 866 2456; x_wconf 87' lang='lat' dir='ltr'>Is</span> <span class='ocrx_word' id='word_1_157' title='bbox 888 2391 986 2472; x_wconf 89' lang='lat' dir='ltr'>igitur</span> <span class='ocrx_word' id='word_1_158' title='bbox 1010 2389 1084 2455; x_wconf 93' lang='lat' dir='ltr'>huic</span> <span class='ocrx_word' id='word_1_159' title='bbox 1107 2391 1227 2472; x_wconf 89' lang='lat' dir='ltr'>legioni</span> <span class='ocrx_word' id='word_1_160' title='bbox 1249 2409 1366 2457; x_wconf 89' lang='lat' dir='ltr'>nomeu</span> 
     </span>
     <span class='ocr_line' id='line_1_21' title="bbox 214 2489 1367 2578; baseline -0.003 -18"><span class='ocrx_word' id='word_1_161' title='bbox 214 2495 390 2562; x_wconf 87' lang='lat' dir='ltr'>Adiutricis</span> <span class='ocrx_word' id='word_1_162' title='bbox 423 2495 584 2578; x_wconf 86' lang='lat' dir='ltr'>imposuit,</span> <span class='ocrx_word' id='word_1_163' title='bbox 619 2497 791 2575; x_wconf 85' lang='lat' dir='ltr'>propterea</span> <span class='ocrx_word' id='word_1_164' title='bbox 825 2489 922 2573; x_wconf 88' lang='lat' dir='ltr'>quod,</span> <span class='ocrx_word' id='word_1_165' title='bbox 957 2509 1028 2556; x_wconf 90' lang='lat' dir='ltr'>cum</span> <span class='ocrx_word' id='word_1_166' title='bbox 1061 2493 1237 2560; x_wconf 88' lang='lat' dir='ltr'>necessitas</span> <span class='ocrx_word' id='word_1_167' title='bbox 1269 2491 1367 2557; x_wconf 89' lang='lat' dir='ltr'>valde</span> 
     </span>
     <span class='ocr_line' id='line_1_22' title="bbox 215 2591 1366 2680; baseline -0.003 -18"><span class='ocrx_word' id='word_1_168' title='bbox 215 2605 353 2680; x_wconf 87' lang='lat' dir='ltr'>urgeret,</span> <span class='ocrx_word' id='word_1_169' title='bbox 384 2598 453 2664; x_wconf 87' lang='lat' dir='ltr'>eius</span> <span class='ocrx_word' id='word_1_170' title='bbox 481 2596 599 2661; x_wconf 87' lang='lat' dir='ltr'>milites</span> <span class='ocrx_word' id='word_1_171' title='bbox 629 2594 773 2660; x_wconf 87' lang='lat' dir='ltr'>colasse</span> <span class='ocrx_word' id='word_1_172' title='bbox 803 2593 836 2657; x_wconf 93' lang='lat' dir='ltr'>in</span> <span class='ocrx_word' id='word_1_173' title='bbox 869 2591 980 2657; x_wconf 90' lang='lat' dir='ltr'>urbem</span> <span class='ocrx_word' id='word_1_174' title='bbox 1013 2599 1196 2677; x_wconf 80' lang='lat' dir='ltr'>vocaverat,</span> <span class='ocrx_word' id='word_1_175' title='bbox 1231 2613 1366 2677; x_wconf 88' lang='lat' dir='ltr'>quorum</span> 
     </span>
     <span class='ocr_line' id='line_1_23' title="bbox 215 2694 1045 2781; baseline -0.005 -17"><span class='ocrx_word' id='word_1_176' title='bbox 215 2701 338 2766; x_wconf 85' lang='lat' dir='ltr'>auxilio</span> <span class='ocrx_word' id='word_1_177' title='bbox 362 2699 404 2766; x_wconf 92' lang='lat' dir='ltr'>ad</span> <span class='ocrx_word' id='word_1_178' title='bbox 427 2697 642 2781; x_wconf 88' lang='lat' dir='ltr'>principatum</span> <span class='ocrx_word' id='word_1_179' title='bbox 665 2694 873 2761; x_wconf 89' lang='lat' dir='ltr'>obtinendum</span> <span class='ocrx_word' id='word_1_180' title='bbox 895 2700 1045 2760; x_wconf 90' lang='lat' dir='ltr'>uteretur.</span> 
     </span>
    </p>

    <p class='ocr_par' dir='ltr' id='par_1_5' title="bbox 213 2795 1367 3187">
     <span class='ocr_line' id='line_1_24' title="bbox 298 2795 1365 2880; baseline -0.004 -14"><span class='ocrx_word' id='word_1_181' title='bbox 298 2801 380 2868; x_wconf 91' lang='lat' dir='ltr'>Item</span> <span class='ocrx_word' id='word_1_182' title='bbox 408 2817 557 2866; x_wconf 87' lang='lat' dir='ltr'>numerus</span> <span class='ocrx_word' id='word_1_183' title='bbox 586 2797 737 2879; x_wconf 91' lang='lat' dir='ltr'>primus</span> <span class='ocrx_word' id='word_1_184' title='bbox 767 2795 811 2862; x_wconf 94' lang='lat' dir='ltr'>ad</span> <span class='ocrx_word' id='word_1_185' title='bbox 839 2795 1036 2863; x_wconf 90' lang='lat' dir='ltr'>conditorem</span> <span class='ocrx_word' id='word_1_186' title='bbox 1065 2795 1202 2879; x_wconf 91' lang='lat' dir='ltr'>legionis</span> <span class='ocrx_word' id='word_1_187' title='bbox 1231 2803 1365 2880; x_wconf 88' lang='lat' dir='ltr'>spectat.</span> 
     </span>
     <span class='ocr_line' id='line_1_25' title="bbox 214 2897 1367 2986; baseline -0.003 -18"><span class='ocrx_word' id='word_1_188' title='bbox 214 2903 297 2968; x_wconf 91' lang='lat' dir='ltr'>Nam</span> <span class='ocrx_word' id='word_1_189' title='bbox 327 2903 388 2971; x_wconf 91' lang='lat' dir='ltr'>boc</span> <span class='ocrx_word' id='word_1_190' title='bbox 415 2903 486 2986; x_wconf 92' lang='lat' dir='ltr'>ipso</span> <span class='ocrx_word' id='word_1_191' title='bbox 515 2917 647 2964; x_wconf 89' lang='lat' dir='ltr'>numero</span> <span class='ocrx_word' id='word_1_192' title='bbox 680 2898 766 2965; x_wconf 89' lang='lat' dir='ltr'>Nero</span> <span class='ocrx_word' id='word_1_193' title='bbox 797 2919 870 2965; x_wconf 87' lang='lat' dir='ltr'>eam</span> <span class='ocrx_word' id='word_1_194' title='bbox 899 2899 1049 2983; x_wconf 86' lang='lat' dir='ltr'>signavit,</span> <span class='ocrx_word' id='word_1_195' title='bbox 1084 2897 1171 2982; x_wconf 89' lang='lat' dir='ltr'>quod</span> <span class='ocrx_word' id='word_1_196' title='bbox 1203 2898 1283 2966; x_wconf 86' lang='lat' dir='ltr'>duas</span> <span class='ocrx_word' id='word_1_197' title='bbox 1313 2900 1367 2966; x_wconf 89' lang='lat' dir='ltr'>vel</span> 
     </span>
     <span class='ocr_line' id='line_1_26' title="bbox 213 2999 1366 3090; baseline -0.005 -18"><span class='ocrx_word' id='word_1_198' title='bbox 213 3007 396 3090; x_wconf 89' lang='lat' dir='ltr'>complures</span> <span class='ocrx_word' id='word_1_199' title='bbox 417 3004 563 3087; x_wconf 82' lang='lat' dir='ltr'>legiones</span> <span class='ocrx_word' id='word_1_200' title='bbox 586 3019 603 3064; x_wconf 90' lang='lat' dir='ltr'>e</span> <span class='ocrx_word' id='word_1_201' title='bbox 626 3000 800 3067; x_wconf 88' lang='lat' dir='ltr'>classiariis</span> <span class='ocrx_word' id='word_1_202' title='bbox 823 3000 1023 3068; x_wconf 90' lang='lat' dir='ltr'>conscribere</span> <span class='ocrx_word' id='word_1_203' title='bbox 1046 3000 1200 3066; x_wconf 88' lang='lat' dir='ltr'>inanimo</span> <span class='ocrx_word' id='word_1_204' title='bbox 1216 2999 1366 3067; x_wconf 89' lang='lat' dir='ltr'>habebat.</span> 
     </span>
     <span class='ocr_line' id='line_1_27' title="bbox 213 3103 863 3187; baseline -0.006 -15"><span class='ocrx_word' id='word_1_205' title='bbox 213 3106 281 3173; x_wconf 87' lang='lat' dir='ltr'>Sed</span> <span class='ocrx_word' id='word_1_206' title='bbox 303 3108 410 3174; x_wconf 92' lang='lat' dir='ltr'>omnia</span> <span class='ocrx_word' id='word_1_207' title='bbox 432 3103 568 3172; x_wconf 90' lang='lat' dir='ltr'>consilia</span> <span class='ocrx_word' id='word_1_208' title='bbox 590 3121 675 3168; x_wconf 89' lang='lat' dir='ltr'>mors</span> <span class='ocrx_word' id='word_1_209' title='bbox 699 3105 863 3187; x_wconf 83' lang='lat' dir='ltr'>pervertit.</span> 
     </span>
    </p>

    <p class='ocr_par' dir='ltr' id='par_1_6' title="bbox 214 3201 1368 3701">
     <span class='ocr_line' id='line_1_28' title="bbox 300 3201 1366 3288; baseline -0.006 -14"><span class='ocrx_word' id='word_1_210' title='bbox 300 3209 341 3274; x_wconf 90' lang='lat' dir='ltr'>Il.</span> <span class='ocrx_word' id='word_1_211' title='bbox 376 3208 520 3274; x_wconf 83' lang='lat' dir='ltr'>Alterum</span> <span class='ocrx_word' id='word_1_212' title='bbox 551 3223 738 3288; x_wconf 89' lang='lat' dir='ltr'>cognomen,</span> <span class='ocrx_word' id='word_1_213' title='bbox 774 3206 861 3288; x_wconf 92' lang='lat' dir='ltr'>quod</span> <span class='ocrx_word' id='word_1_214' title='bbox 895 3207 928 3270; x_wconf 92' lang='lat' dir='ltr'>in</span> <span class='ocrx_word' id='word_1_215' title='bbox 958 3203 1065 3270; x_wconf 91' lang='lat' dir='ltr'>multis</span> <span class='ocrx_word' id='word_1_216' title='bbox 1094 3203 1231 3285; x_wconf 90' lang='lat' dir='ltr'>legionis</span> <span class='ocrx_word' id='word_1_217' title='bbox 1264 3201 1366 3268; x_wconf 91' lang='lat' dir='ltr'>titulis</span> 
     </span>
     <span class='ocr_line' id='line_1_29' title="bbox 218 3303 1368 3390; baseline -0.009 -13"><span class='ocrx_word' id='word_1_218' title='bbox 218 3331 370 3378; x_wconf 89' lang='lat' dir='ltr'>unacum</span> <span class='ocrx_word' id='word_1_219' title='bbox 387 3309 553 3376; x_wconf 85' lang='lat' dir='ltr'>Adiutrice</span> <span class='ocrx_word' id='word_1_220' title='bbox 569 3307 771 3374; x_wconf 91' lang='lat' dir='ltr'>coniunctum</span> <span class='ocrx_word' id='word_1_221' title='bbox 785 3325 890 3390; x_wconf 89' lang='lat' dir='ltr'>neque</span> <span class='ocrx_word' id='word_1_222' title='bbox 907 3326 1044 3389; x_wconf 91' lang='lat' dir='ltr'>unquam</span> <span class='ocrx_word' id='word_1_223' title='bbox 1060 3305 1129 3371; x_wconf 90' lang='lat' dir='ltr'>sine</span> <span class='ocrx_word' id='word_1_224' title='bbox 1145 3303 1206 3370; x_wconf 92' lang='lat' dir='ltr'>hoc</span> <span class='ocrx_word' id='word_1_225' title='bbox 1221 3303 1368 3388; x_wconf 91' lang='lat' dir='ltr'>occurrit,</span> 
     </span>
     <span class='ocr_line' id='line_1_30' title="bbox 216 3405 1367 3490; baseline -0.007 -10"><span class='ocrx_word' id='word_1_226' title='bbox 216 3420 267 3480; x_wconf 88' lang='lat' dir='ltr'>est</span> <span class='ocrx_word' id='word_1_227' title='bbox 296 3412 375 3479; x_wconf 91' lang='lat' dir='ltr'>illud</span> <span class='ocrx_word' id='word_1_228' title='bbox 404 3410 613 3478; x_wconf 88' lang='lat' dir='ltr'>honorificum</span> <span class='ocrx_word' id='word_1_229' title='bbox 643 3409 678 3474; x_wconf 90' lang='lat' dir='ltr'>P.</span> <span class='ocrx_word' id='word_1_230' title='bbox 702 3408 738 3472; x_wconf 83' lang='lat' dir='ltr'>F.</span> <span class='ocrx_word' id='word_1_231' title='bbox 761 3409 781 3474; x_wconf 88' lang='lat' dir='ltr'>i.</span> <span class='ocrx_word' id='word_1_232' title='bbox 806 3427 833 3473; x_wconf 92' lang='lat' dir='ltr'>e.</span> <span class='ocrx_word' id='word_1_233' title='bbox 861 3409 917 3490; x_wconf 89' lang='lat' dir='ltr'>pia</span> <span class='ocrx_word' id='word_1_234' title='bbox 944 3407 1058 3474; x_wconf 87' lang='lat' dir='ltr'>fidelis.</span> <span class='ocrx_word' id='word_1_235' title='bbox 1104 3405 1158 3471; x_wconf 90' lang='lat' dir='ltr'>Sic</span> <span class='ocrx_word' id='word_1_236' title='bbox 1185 3406 1367 3489; x_wconf 88' lang='lat' dir='ltr'>appellatas</span> 
     </span>
     <span class='ocr_line' id='line_1_31' title="bbox 214 3505 1365 3598; baseline -0.007 -17"><span class='ocrx_word' id='word_1_237' title='bbox 214 3534 286 3582; x_wconf 89' lang='lat' dir='ltr'>csse</span> <span class='ocrx_word' id='word_1_238' title='bbox 309 3533 365 3581; x_wconf 89' lang='lat' dir='ltr'>eas</span> <span class='ocrx_word' id='word_1_239' title='bbox 387 3515 532 3598; x_wconf 91' lang='lat' dir='ltr'>legiones</span> <span class='ocrx_word' id='word_1_240' title='bbox 554 3531 612 3596; x_wconf 92' lang='lat' dir='ltr'>per</span> <span class='ocrx_word' id='word_1_241' title='bbox 634 3531 670 3578; x_wconf 89' lang='lat' dir='ltr'>se</span> <span class='ocrx_word' id='word_1_242' title='bbox 693 3516 839 3594; x_wconf 90' lang='lat' dir='ltr'>apertum</span> <span class='ocrx_word' id='word_1_243' title='bbox 863 3516 919 3591; x_wconf 93' lang='lat' dir='ltr'>est,</span> <span class='ocrx_word' id='word_1_244' title='bbox 944 3528 1026 3592; x_wconf 87' lang='lat' dir='ltr'>quae</span> <span class='ocrx_word' id='word_1_245' title='bbox 1049 3505 1223 3589; x_wconf 88' lang='lat' dir='ltr'>aliquando</span> <span class='ocrx_word' id='word_1_246' title='bbox 1251 3508 1365 3590; x_wconf 88' lang='lat' dir='ltr'>quovis</span> 
     </span>
     <span class='ocr_line' id='line_1_32' title="bbox 216 3610 1367 3701; baseline -0.007 -19"><span class='ocrx_word' id='word_1_247' title='bbox 216 3616 313 3684; x_wconf 87' lang='lat' dir='ltr'>modo</span> <span class='ocrx_word' id='word_1_248' title='bbox 336 3635 414 3700; x_wconf 86' lang='lat' dir='ltr'>erga</span> <span class='ocrx_word' id='word_1_249' title='bbox 436 3618 662 3701; x_wconf 89' lang='lat' dir='ltr'>imperatorem</span> <span class='ocrx_word' id='word_1_250' title='bbox 688 3613 743 3696; x_wconf 90' lang='lat' dir='ltr'>pie</span> <span class='ocrx_word' id='word_1_251' title='bbox 771 3631 810 3678; x_wconf 90' lang='lat' dir='ltr'>ac</span> <span class='ocrx_word' id='word_1_252' title='bbox 837 3610 976 3678; x_wconf 87' lang='lat' dir='ltr'>fideliter</span> <span class='ocrx_word' id='word_1_253' title='bbox 1002 3627 1037 3676; x_wconf 91' lang='lat' dir='ltr'>se</span> <span class='ocrx_word' id='word_1_254' title='bbox 1059 3613 1238 3692; x_wconf 88' lang='lat' dir='ltr'>gesserant;</span> <span class='ocrx_word' id='word_1_255' title='bbox 1269 3614 1367 3691; x_wconf 90' lang='lat' dir='ltr'>atque</span> 
     </span>
    </p>
   </div>
   <div class='ocr_carea' id='block_1_3' title="bbox 214 3710 1368 3904">
    <p class='ocr_par' dir='ltr' id='par_1_7' title="bbox 214 3710 1368 3904">
     <span class='ocr_line' id='line_1_33' title="bbox 214 3710 1367 3802; baseline -0.009 -18"><span class='ocrx_word' id='word_1_256' title='bbox 214 3719 448 3802; x_wconf 86' lang='lat' dir='ltr'>amplissimam</span> <span class='ocrx_word' id='word_1_257' title='bbox 481 3717 635 3802; x_wconf 87' lang='lat' dir='ltr'>pietatem</span> <span class='ocrx_word' id='word_1_258' title='bbox 664 3721 696 3780; x_wconf 89' lang='lat' dir='ltr'>et</span> <span class='ocrx_word' id='word_1_259' title='bbox 724 3713 913 3780; x_wconf 90' lang='lat' dir='ltr'>fidelitatem</span> <span class='ocrx_word' id='word_1_260' title='bbox 945 3710 1130 3796; x_wconf 87' lang='lat' dir='ltr'>praestandi</span> <span class='ocrx_word' id='word_1_261' title='bbox 1164 3710 1367 3777; x_wconf 88' lang='lat' dir='ltr'>occasionem</span> 
     </span>
     <span class='ocr_line' id='line_1_34' title="bbox 214 3811 1368 3904; baseline -0.007 -18"><span class='ocrx_word' id='word_1_262' title='bbox 214 3822 360 3904; x_wconf 84' lang='lat' dir='ltr'>legiones</span> <span class='ocrx_word' id='word_1_263' title='bbox 384 3825 470 3888; x_wconf 90' lang='lat' dir='ltr'>certe</span> <span class='ocrx_word' id='word_1_264' title='bbox 492 3817 767 3900; x_wconf 89' lang='lat' dir='ltr'>nanciscebantur,</span> <span class='ocrx_word' id='word_1_265' title='bbox 797 3817 825 3883; x_wconf 90' lang='lat' dir='ltr'>si</span> <span class='ocrx_word' id='word_1_266' title='bbox 851 3815 924 3881; x_wconf 87' lang='lat' dir='ltr'>aliis</span> <span class='ocrx_word' id='word_1_267' title='bbox 947 3813 1128 3897; x_wconf 90' lang='lat' dir='ltr'>legionibus</span> <span class='ocrx_word' id='word_1_268' title='bbox 1150 3811 1312 3879; x_wconf 87' lang='lat' dir='ltr'>seditiosis</span> <span class='ocrx_word' id='word_1_269' title='bbox 1335 3817 1368 3878; x_wconf 91' lang='lat' dir='ltr'>et</span> 
     </span>
    </p>
   </div>
   <div class='ocr_carea' id='block_1_4' title="bbox 213 4029 1366 4190">
    <p class='ocr_par' dir='ltr' id='par_1_8' title="bbox 213 4029 1366 4190">
     <span class='ocr_line' id='line_1_35' title="bbox 304 4029 1366 4107; baseline -0.006 -15"><span class='ocrx_word' id='word_1_270' title='bbox 304 4042 327 4105; x_wconf 88' lang='lat' dir='ltr'>t)</span> <span class='ocrx_word' id='word_1_271' title='bbox 345 4038 405 4107; x_wconf 80' lang='lat' dir='ltr'>Qus</span> <span class='ocrx_word' id='word_1_272' title='bbox 422 4037 456 4092; x_wconf 92' lang='lat' dir='ltr'>de</span> <span class='ocrx_word' id='word_1_273' title='bbox 467 4051 498 4091; x_wconf 91' lang='lat' dir='ltr'>re</span> <span class='ocrx_word' id='word_1_274' title='bbox 510 4035 582 4104; x_wconf 89' lang='lat' dir='ltr'>quod</span> <span class='ocrx_word' id='word_1_275' title='bbox 595 4033 734 4092; x_wconf 88' lang='lat' dir='ltr'>consentio</span> <span class='ocrx_word' id='word_1_276' title='bbox 748 4048 808 4090; x_wconf 89' lang='lat' dir='ltr'>cum</span> <span class='ocrx_word' id='word_1_277' title='bbox 821 4032 878 4090; x_wconf 80' lang='lat' dir='ltr'>uiro</span> <span class='ocrx_word' id='word_1_278' title='bbox 891 4031 1047 4088; x_wconf 85' lang='lat' dir='ltr'>doctissimo</span> <span class='ocrx_word' id='word_1_279' title='bbox 1059 4030 1150 4086; x_wconf 88' lang='lat' dir='ltr'>Keller</span> <span class='ocrx_word' id='word_1_280' title='bbox 1167 4030 1245 4086; x_wconf 82' lang='lat' dir='ltr'>valde</span> <span class='ocrx_word' id='word_1_281' title='bbox 1261 4029 1366 4098; x_wconf 86' lang='lat' dir='ltr'>gaudeo</span> 
     </span>
     <span class='ocr_line' id='line_1_36' title="bbox 213 4112 691 4190; baseline -0.006 -11"><span class='ocrx_word' id='word_1_282' title='bbox 213 4125 249 4180; x_wconf 86' lang='lat' dir='ltr'>ct.</span> <span class='ocrx_word' id='word_1_283' title='bbox 265 4121 382 4179; x_wconf 85' lang='lat' dir='ltr'>‘Westd</span> <span class='ocrx_word' id='word_1_284' title='bbox 401 4112 544 4177; x_wconf 90' lang='lat' dir='ltr'>Zeitschr.&#39;</span> <span class='ocrx_word' id='word_1_285' title='bbox 562 4120 601 4177; x_wconf 85' lang='lat' dir='ltr'>IV</span> <span class='ocrx_word' id='word_1_286' title='bbox 619 4135 646 4190; x_wconf 91' lang='lat' dir='ltr'>p.</span> <span class='ocrx_word' id='word_1_287' title='bbox 666 4125 691 4176; x_wconf 88' lang='grc'>6.</span> 
     </span>
    </p>
   </div>
   <div class='ocr_carea' id='block_1_5' title="bbox 0 0 1667 4970">
    <p class='ocr_par' dir='ltr' id='par_1_9' title="bbox 0 0 1667 4970">
     <span class='ocr_line' id='line_1_37' title="bbox 0 0 1667 4970; baseline 0 0"><span class='ocrx_word' id='word_1_288' title='bbox 0 0 1667 4970; x_wconf 95' lang='lat' dir='ltr'> </span> 
     </span>
    </p>
   </div>
  </div>
 </body>
</html>
