3318 4970
469 375 512 430 De
527 375 632 446 legione
648 375 833 431 Romanorum
850 377 873 432 I.
892 376 1040 433 Adiutrice.
1294 379 1334 438 55

178 552 315 615 Romam
337 549 480 632 revertit,
510 549 569 615 sed
591 549 634 615 ad
656 549 734 615 belli
757 548 868 616 sedem
890 549 961 633 ipse
989 569 1024 616 se
1054 551 1188 616 contulit
1201 553 1233 635 ¹),
1263 571 1335 619 oum

178 653 318 718 Antonio
334 650 504 735 profligato
519 671 639 718 novum
655 651 886 718 Germanorum
901 651 1023 717 bellum
1045 653 1236 737 immineret,
1259 655 1336 738 quia
1431 727 1444 741 ,

178 755 259 822 socii
288 753 419 821 sceleris
441 755 615 821 Antoniani
643 754 721 820 faeti
749 759 850 820 erant.
894 751 1032 821 'lantum
1062 755 1148 820 enim
1177 755 1268 841 afuit,
1303 767 1337 824 ut

178 856 300 922 ferocia
315 853 455 923 hostIum
469 875 553 921 anno
570 857 620 920 83.
637 863 770 923 contuse
784 862 879 939 esset,
896 861 931 922 ut
946 863 1057 922 contra
1071 855 1225 924 Germani
1240 859 1335 925 rebus

178 958 311 1024 Antonii
340 957 505 1024 studentes
535 963 647 1024 contra
668 959 889 1024 Domitianum
918 959 1034 1024 iterum
1061 959 1133 1025 acIe
1155 959 1336 1027 dimicaturi

178 1066 295 1127 essent.
329 1059 384 1125 Sia
395 1079 430 1126 re
442 1079 520 1125 vera
530 1060 651 1126 bellum
663 1059 819 1127 adversus
831 1059 964 1127 Chattos
980 1058 1232 1144 redintegratum
1248 1065 1334 1139 esti)

264 1159 369 1239 Quam
391 1162 425 1226 in
447 1162 637 1228 sententiam
662 1163 783 1246 optime
797 1161 944 1246 quadrat,
973 1161 1059 1244 quod
1083 1181 1141 1228 eae
1163 1182 1224 1246 res,
1255 1184 1334 1248 ques

177 1265 314 1330 Romani
337 1262 495 1330 seditione
517 1263 649 1330 Antonii
672 1270 742 1329 orta
764 1264 806 1329 ad
829 1261 935 1329 Rheni
957 1265 1045 1346 ripas
1067 1269 1134 1328 tum
1157 1275 1334 1347 gesserunt,

177 1367 211 1430 in
234 1366 335 1432 titulis
357 1384 421 1430 una
443 1383 523 1431 voce
545 1371 675 1431 notatae
694 1367 824 1432 nomine
840 1365 919 1431 belli
934 1365 1118 1431 Germanici
1131 1367 1154 1442 ³)
1169 1368 1335 1449 appellan-

178 1475 239 1531 tur.
278 1466 349 1545 Quo
373 1467 500 1533 nomine
516 1467 580 1533 iam
595 1467 756 1533 indicatur
771 1468 911 1534 Antonio
927 1485 1101 1552 suppresso
1117 1467 1335 1533 Domitianum

175 1651 226 1705 καλ
244 1647 296 1719 τὴν
308 1644 417 1720 Ῥώμην
434 1645 577 1720 ἐπέδραμε
595 1646 683 1721 λόγος
705 1645 796 1706 αὐτόν
813 1669 844 1706 τε
867 1644 921 1706 τὸν
941 1642 1090 1706 Ἀντώνιον
1107 1642 1270 1722 α’νμρῆσθαι
1287 1654 1336 1706 καὶ

176 1738 230 1791 τοῦ
257 1733 309 1790 οὑν
339 1728 417 1809 αὐτῷ
446 1730 662 1805 στρατεύματος
690 1730 847 1807 ἡττημένου
875 1734 961 1807 μηδὲν
989 1735 1079 1806 μέρος
1108 1739 1257 1807 λελεῖφθαι
1275 1775 1282 1789 .
1301 1776 1308 1789 .
1329 1775 1335 1789 .

177 1818 364 1892 πορευομένῳ
382 1820 412 1876 δὲ
429 1823 471 1894 τῷ
484 1823 654 1896 Δομετιανῷ
670 1815 742 1890 μετὰ
762 1817 907 1890 δυνάμεως
925 1817 972 1876 ἐπὶ
990 1815 1044 1876 τὸν
1057 1815 1188 1890 πόλεμον
1205 1817 1256 1893 ἤδη
1267 1815 1337 1878 καθ’

177 1900 249 1960 ὁδὸν
266 1899 387 1976 ἀγγελία
404 1908 453 1960 καὶ
469 1901 625 1977 γράμματα
643 1901 793 1979 φράζοντα
812 1902 863 1978 τὴν
881 1907 961 1976 νίκην
979 1896 1149 1977 ἀπήντησεν.

265 1993 289 2055 1)
307 1989 342 2044 cf.
366 1989 448 2055 Geell,
473 1989 614 2058 Melanges
636 1991 739 2046 d’aroh.
763 1995 790 2045 et
811 1990 902 2046 d’hIst.
920 1989 969 2045 IX.
989 1993 1055 2044 1889
1073 2006 1102 2060 p.
1123 1995 1163 2046 10.
1182 2021 1214 2030 -
1235 1991 1336 2046 Contra

178 2073 213 2130 ci.
232 2074 342 2130 Asbacb
355 2068 473 2130 ‘Westd
492 2068 634 2130 Zeitschr.'
651 2076 700 2130 III.
719 2093 744 2145 p.
764 2081 788 2130 9.

264 2161 290 2226 n)
308 2160 427 2227 Asbacb,
442 2153 560 2214 ‘Westd
579 2153 720 2216 zeitschr?
738 2160 787 2215 111.
805 2176 833 2230 p.
847 2163 878 2214 23
893 2160 956 2214 adn.
970 2162 1011 2225 38,
1025 2153 1148 2214 ‘Bonuer
1165 2153 1287 2214 Jahrbb!
1303 2164 1331 2214 81

178 2263 205 2314 p.
220 2249 253 2299 30
272 2251 299 2298 et
311 2250 353 2299 41.
372 2276 404 2284 -
423 2245 459 2299 cl.
478 2244 529 2298 Th.
548 2244 638 2312 Bergk
650 2244 669 2298 l.
681 2245 699 2298 l.
713 2262 739 2315 p.
754 2250 796 2312 66,
814 2246 859 2314 qui
877 2246 975 2308 omnia,
994 2260 1064 2314 quae
1080 2260 1171 2300 rerum
1189 2245 1334 2314 scriptores

177 2331 230 2386 hac
248 2329 282 2385 de
299 2347 330 2384 re
347 2329 528 2394 tradiderunt,
546 2335 675 2384 accurate
692 2330 808 2397 collegit.

264 2419 289 2481 3)
307 2414 353 2469 Sic
370 2413 471 2468 bellum
489 2415 645 2468 nominatur
662 2413 690 2467 in
707 2415 786 2469 titulo
806 2413 852 2468 Vl.
876 2417 939 2468 1347
958 2414 1004 2478 (ei,
1018 2429 1045 2482 p.
1059 2418 1101 2468 51.
1121 2413 1184 2467 adn.
1199 2417 1241 2480 2.).
1272 2413 1334 2467 Huc

178 2499 313 2555 referendi
324 2503 388 2554 sunt
405 2498 485 2552 etiem
503 2498 599 2552 titulus
612 2498 687 2553 VIII.
703 2501 782 2554 1026:
797 2493 841 2567 Ὦ.
851 2498 975 2554 Vileuius
987 2498 1006 2546 7
1019 2499 1080 2553 coh.
1092 2498 1168 2552 XIII.
1183 2498 1243 2552 urb.
1257 2497 1335 2552 donis

178 2587 295 2639 donatus
308 2599 325 2638 a
336 2583 482 2638 Domitano
495 2583 530 2637 ob
542 2583 644 2637 bellum
655 2582 796 2647 Dacicum,
814 2584 877 2636 item
895 2583 929 2636 ab
944 2582 1038 2637 eodem
1056 2584 1091 2638 ob
1109 2584 1210 2637 bellum
1223 2583 1334 2638 Germa-

179 2671 279 2734 nicum,
297 2670 361 2724 item
378 2668 521 2738 torquibus
540 2666 651 2722 armillis
670 2669 705 2722 ob
723 2668 823 2722 bellurn
841 2659 991 2722 Dacicum.³
1008 2698 1042 2707 -
1061 2673 1088 2724 et
1105 2669 1222 2723 tortasse
1239 2668 1335 2722 titulus

178 2755 227 2811 111.
241 2755 338 2823 Suppl.
352 2759 432 2808 teet:
448 2747 499 2807 Ἥ.
512 2750 599 2806 Iulius
611 2752 707 2806 Avitus
721 2753 823 2807 Ultinie
835 2752 900 2806 Rels
914 2752 1063 2821 Apolliuer.
1077 2755 1094 2802 7
1112 2753 1164 2821 leg.
1177 2753 1237 2809 XV.
1250 2754 1332 2822 Apol.

178 2842 243 2894 item
259 2836 278 2890 Υ
297 2840 348 2907 leg.
365 2837 400 2893 V.
419 2835 491 2891 ldae.
510 2842 538 2892 et
555 2837 605 2905 leg.
623 2836 697 2892 XVI.
716 2837 758 2891 Fl.
778 2837 833 2892 Fir.
852 2835 893 2892 bis
912 2837 989 2892 donis
1008 2835 1124 2892 donatus
1142 2837 1213 2893 bello
1230 2837 1333 2892 Dacico

178 2934 205 2982 et
223 2923 295 2980 bello
308 2915 486 2978 Germanico.²
500 2953 532 2962 —-
544 2922 606 2977 Hoc
622 2922 702 2976 titulo
720 2921 783 2976 Iulii
800 2921 874 2978 Aviti
890 2923 967 2978 nisus
983 2921 1138 2992 nuperriue
1151 2923 1334 2978 Domaszews-
1404 2931 1407 2938 ’

178 3013 241 3067 kins
254 3008 416 3065 Mommseui
429 3008 590 3062 sententiam
605 3037 633 3047 -
647 3007 766 3078 Appium
779 3007 937 3063 Norbanum
949 3008 1067 3076 legatum
1080 3007 1237 3063 Pannoniae
1250 3008 1335 3062 fuisse

177 3095 223 3162 (ci.
241 3111 270 3165 p.
289 3095 375 3165 bitti)
398 3121 432 3132 -
455 3107 488 3147 eo
515 3092 694 3161 comprobare
720 3093 819 3158 studet,
846 3094 927 3163 quod,
954 3108 1015 3148 cum
1038 3093 1157 3162 legiones
1178 3093 1333 3148 Moesiacae

179 3184 212 3238 V.
226 3178 407 3236 Macedonica
423 3179 452 3230 et
468 3176 542 3233 XVI.
557 3177 653 3231 Flavia
669 3177 776 3244 longius
793 3176 935 3248 afuissent,
954 3193 1035 3247 quam
1047 3183 1079 3232 ut
1095 3177 1130 3232 ad
1147 3177 1248 3232 bellum
1266 3178 1333 3232 Ger-

177 3267 314 3323 manicum
331 3264 523 3326 excitarentur,
547 3261 622 3315 illum
646 3264 829 3318 centurionem
854 3269 912 3317 tum
928 3264 957 3316 iu
974 3262 1079 3330 legione
1095 3261 1156 3318 XV.
1175 3261 1334 3330 Apollinare

177 3354 204 3408 in
223 3350 367 3406 Pannonia
383 3347 511 3402 tendente
528 3347 659 3402 milltesse
676 3349 767 3416 itaque
785 3363 844 3402 eam
861 3348 993 3416 legionem
1005 3349 1101 3400 contre
1112 3346 1261 3401 Antonium
1274 3362 1335 3402 esse

177 3437 323 3490 adductam
341 3431 493 3500 coutendit;
517 3447 580 3500 ergo
598 3431 757 3487 Norbanum
775 3448 808 3488 ex
826 3432 968 3487 Pannonia
984 3446 1034 3500 per
1051 3430 1181 3485 Noricum
1198 3437 1227 3485 et
1243 3431 1333 3488 Rhae-

175 3525 251 3586 tiam,
273 3525 304 3574 ut
326 3516 474 3573 Antonium
496 3517 667 3587 opprimeret,
689 3518 849 3572 adventasse
871 3523 953 3586 atque
975 3515 1049 3584 apud
1072 3515 1263 3572 Viudonissam
1287 3516 1333 3572 de·

177 3611 329 3677 pugnatum
346 3617 415 3660 esse.
439 3603 492 3658 Sed
504 3603 620 3672 primum
631 3602 868 3657 Domaszewskius
887 3602 1037 3657 certissima
1049 3605 1216 3670 argumente,
1234 3603 1333 3670 quibus

177 3695 249 3752 dona
266 3689 392 3744 militarias
414 3688 485 3744 bello
503 3687 663 3744 Germanico
681 3693 795 3756 accepta
817 3703 848 3741 re
864 3701 929 3742 vera
946 3686 982 3741 ad
999 3685 1131 3755 legionem
1148 3686 1208 3742 XV.
1228 3687 1331 3756 Apolli-

176 3792 269 3831 narem
293 3774 429 3844 pertinere
451 3773 661 3840 demonstratur,
685 3789 740 3828 non
763 3771 864 3828 attulit.
900 3771 1004 3826 Deinde
1027 3771 1108 3826 etiam
1127 3771 1252 3826 conicere
1268 3773 1333 3828 licet

176 3863 275 3917 lulium
288 3859 398 3914 Avitum
415 3858 469 3914 illis
486 3858 594 3914 virtutis
612 3857 738 3928 praemiis
756 3857 913 3912 decoratum
931 3871 997 3922 esse,
1017 3871 1079 3912 cum
1095 3859 1246 3925 gregariam
1262 3858 1332 3912 mili-

176 3949 242 4002 tiam
260 3946 371 4010 Iaoeret,
390 3958 459 4012 quoe
477 3944 549 4012 quod
565 3944 594 3998 in
610 3943 690 3998 titulo
709 3942 887 4007 desideretur,
904 3942 972 3996 nibil
985 3941 1142 3996 offensionis
1155 3942 1246 3998 habet.
1272 3942 1331 4010 Qua

176 4033 210 4087 de
228 4045 314 4086 causa
325 4029 411 4085 sirum
428 4029 503 4084 illum
516 4028 701 4085 docdasimum
712 4028 777 4083 mibi
788 4039 961 4083 assensuram
978 4040 1037 4082 esse
1048 4040 1137 4095 spero,
1155 4027 1202 4081 ubi
1214 4026 1330 4096 primum

175 4133 215 4184 ea,
235 4130 305 4186 quae
323 4129 406 4184 supra
423 4132 450 4185 p.
470 4121 571 4172 ott—54
588 4115 696 4186 protuli,
715 4113 817 4182 legerit.
