3134 4986
494 396 673 464 Quuestioues
690 397 896 452 Posidoniunae.
1214 401 1276 461 363

116 568 224 652 Atque
246 567 330 635 adeo
353 569 543 653 saepissime
566 575 632 635 tam
655 571 790 637 obscure
807 577 937 654 tamque
951 571 1110 655 perplexe
1125 574 1275 660 loquitur,

117 677 153 736 ut
181 671 275 736 citius
305 672 459 738 cortinam
488 691 530 737 ex
558 672 623 737 imo
651 671 752 756 adyto
774 673 971 756 mugientem
994 693 1090 757 quam
1113 675 1277 744 hominem

117 772 329 840 disserentem
357 773 470 840 audire
499 773 558 838 tibi
580 772 732 840 videaris.
777 771 943 852 Quaeres
966 783 1086 858 quanto
1109 796 1206 862 opere
1229 782 1277 846 in·

117 876 324 959 quisitionem
338 874 482 941 retardet
496 881 594 958 atque
609 875 767 959 impediat
782 876 849 943 diui
864 878 920 942 vix
936 883 1053 964 potest.
1088 877 1173 956 Quid
1189 883 1277 965 quod

117 998 181 1045 non
211 995 384 1060 numquam
414 973 543 1043 omnino
567 977 805 1061 desperandum
827 978 887 1044 tibi
909 984 959 1045 est
980 979 1055 1046 elici
1077 1000 1174 1064 posse
1197 985 1276 1067 quid
1392 1065 1395 1072 ἱ

116 1081 253 1164 scriptor
275 1078 384 1144 dicere
406 1078 570 1144 voluerit?
614 1079 687 1145 Non
710 1080 815 1146 minus
838 1081 948 1163 gravis
971 1089 1021 1148 est
1042 1082 1124 1148 alter
1146 1083 1188 1150 de
1211 1105 1275 1169 quc

116 1183 259 1250 dicturus
281 1201 370 1248 eram
393 1181 572 1264 scrupulus.
607 1180 739 1247 Scilicet
761 1181 884 1248 Plinius
908 1184 1056 1266 quamvis
1079 1183 1219 1268 diligens
1238 1207 1277 1254 ac

115 1283 249 1351 sedulus
271 1285 385 1368 fuerit,
408 1283 631 1365 intellegentia
652 1302 759 1348 rerum
781 1289 837 1350 aut
858 1284 981 1368 ingenii
1003 1287 1151 1353 acumine
1174 1287 1276 1356 haud-

115 1405 277 1471 quaquam
301 1385 474 1452 eminebat.
519 1383 614 1452 Unde
636 1383 766 1468 factum,
790 1391 825 1452 ut
846 1405 912 1452 non
933 1404 1039 1470 pauca
1060 1389 1165 1456 miuus
1187 1397 1275 1458 reete

114 1489 349 1572 adsequeretur
382 1493 438 1553 aut
466 1487 550 1554 adeo
579 1489 676 1571 plane
705 1506 876 1570 perperam
905 1489 1110 1572 intellegeret
1138 1489 1191 1568 (cf.
1215 1493 1275 1560 Ur-

114 1591 224 1658 lichsii
243 1583 388 1656 ‘Chrest
410 1579 501 1654 Ptin?
527 1609 560 1672 p.
581 1589 684 1666 XIX).
730 1588 797 1656 Sed
819 1591 882 1655 ista
904 1590 1076 1656 decantata
1097 1599 1180 1660 suut.
1225 1595 1276 1662 De

114 1694 232 1778 quibus
260 1691 382 1759 idcirco
411 1697 535 1756 tantum
558 1693 750 1776 commonui,
773 1698 809 1757 ut
831 1711 894 1775 quo
916 1693 987 1758 iure
1009 1713 1031 1758 a
1051 1693 1157 1761 Plinio
1179 1696 1276 1780 profi·

114 1797 194 1862 cisci
220 1795 379 1861 lubricum
406 1794 686 1877 periculosumque
715 1813 786 1860 esse
808 1796 1044 1860 autumaverim
1066 1797 1182 1864 melius
1203 1817 1276 1882 per·
1410 1863 1415 1870 .

113 1898 278 1982 spiciatur.
330 1896 494 1962 lllittamus
527 1895 664 1978 proinde
699 1893 784 1962 hunc
817 1903 1106 1981 convertamuaque
1139 1919 1198 1966 uos
1232 1897 1277 1966 ad

113 2000 252 2065 alterum
276 1999 542 2081 quattuorvirum,
564 1996 608 2062 ad

200 2100 366 2162 Achillem.
391 2098 502 2166 ¹(iuius
525 2100 672 2182 opusculi
694 2096 785 2181 origo
809 2105 841 2165 ιι
854 2097 960 2166 fontes
976 2101 1063 2184 quod
1078 2102 1166 2168 clare
1181 2103 1276 2170 nobis

112 2209 244 2288 patent,
273 2201 400 2284 insigne
429 2207 477 2266 est
499 2203 646 2266 meritum
668 2201 784 2267 Dielsii
807 2199 859 2278 (of.
880 2193 1052 2285 ‘Doxogu’
1078 2223 1111 2286 p.
1129 2207 1167 2272 19
1180 2206 1275 2288 sqq).

111 2304 219 2371 Felici
246 2303 331 2370 enim
352 2303 530 2368 acrimonia
545 2304 711 2387 perspexit
725 2302 909 2369 Achilleum
922 2295 1221 2372 tIntroductionem’
1240 2307 1275 2372 in

109 2405 333 2472 fundamentis
347 2405 485 2470 alicuius
500 2404 683 2487 scriptionis
699 2404 837 2470 Diodori
849 2404 1063 2470 Alexandrini
1079 2413 1275 2474 exstructam

112 2529 188 2576 esse
211 2508 267 2592 qui
282 2507 447 2573 Ciceronis
468 2505 536 2572 lere
558 2505 713 2571 memoria
734 2503 880 2572 floruisse
903 2506 1082 2574 censendus
1105 2515 1163 2574 est.
1197 2509 1276 2575 Dio-

112 2612 213 2676 dorus
242 2627 320 2675 vero
343 2609 377 2673 in
398 2608 511 2674 libello
533 2625 591 2673 suo
614 2608 790 2672 maximam
812 2613 938 2691 partem
960 2608 1180 2676 Posidoniana
1202 2631 1274 2695 pro-

111 2712 198 2778 tulit.
235 2711 330 2776 Hunc
352 2711 385 2775 in
408 2729 500 2776 usum
522 2728 615 2775 suum
638 2711 798 2776 convertit
820 2708 978 2791 Eudorus,
1002 2711 1118 2794 etipse
1133 2711 1275 2778 Alexan·

112 2814 243 2894 durus,
276 2810 414 2893 Augusti
447 2812 603 2893 aequalis.
655 2812 775 2878 Verum
809 2831 883 2877 oum
912 2811 1077 2877 Eudorum
1111 2811 1275 2880 hominem

112 2914 338 2982 doctissimum
367 2912 400 2976 in
429 2912 621 2997 scriptisque
649 2923 794 2979 ueterum
816 2915 952 2979 multum
974 2913 1154 2980 volutatum
1175 2913 1276 2982 fuisse

112 3024 203 3085 certo
236 3016 376 3082 sciamus
410 3012 462 3092 (cf.
490 3013 609 3081 Zelleri
635 3011 731 3082 ‘Hist
762 3014 843 3098 phil.
866 3011 930 3083 Gr?
954 3014 1018 3080 111³
1047 3033 1078 3098 p.
1103 3019 1163 3081 611
1179 3021 1275 3101 sqq),

112 3119 173 3184 vix
202 3115 358 3182 credibile
387 3122 437 3180 est
465 3117 543 3182 satis
572 3135 646 3182 eum
675 3118 827 3184 habuisse
851 3117 988 3184 Diodori
1013 3117 1161 3184 libellum
1183 3121 1276 3186 brevi

112 3231 213 3286 manu
235 3217 445 3302 compilasse:
469 3217 567 3284 immo
590 3220 618 3286 si
641 3219 741 3286 multa
763 3239 837 3286 eum
860 3239 902 3286 ex
924 3219 1016 3302 largo
1031 3218 1181 3287 lectionis
1196 3240 1276 3287 suae

112 3321 290 3388 thensauro
313 3317 552 3402 deprompsisse
576 3327 609 3386 et
629 3320 789 3388 adiecisse
811 3327 1036 3404 autumavero,
1067 3319 1155 3387 haud
1177 3323 1276 3389 facile

115 3441 312 3508 quemquam
341 3420 422 3486 mihi
451 3421 672 3488 oblocuturnm
701 3441 772 3490 csse
801 3423 945 3506 conlido,
974 3424 1103 3488 tametsi
1126 3443 1209 3507 quae
1231 3423 1275 3491 ad

114 3545 191 3592 eum
212 3523 332 3589 reuerti
350 3522 522 3590 rideantur
536 3530 644 3606 partes
659 3531 792 3609 propter
807 3523 976 3592 Achilleae
989 3516 1272 3593 ‘Introductionis'

114 3626 338 3694 condicionem
366 3625 409 3690 ad
437 3626 590 3691 amussim
613 3625 827 3692 demonstrari
847 3626 969 3710 nequit.
1013 3626 1173 3710 Equidem
1196 3646 1275 3695 sane

114 3749 156 3796 eo
178 3727 315 3810 inclino,
338 3733 373 3792 ut
395 3745 490 3810 quem
513 3727 709 3793 admodum
732 3727 843 3794 Stoica
866 3749 883 3795 e
906 3726 1044 3794 Diodori
1066 3729 1179 3796 rivolis
1200 3749 1275 3813 pro·

113 3829 248 3898 fluxisse
272 3826 323 3906 (cf.
348 3829 507 3894 Dielsium
530 3829 551 3894 l.
568 3830 589 3893 i.
612 3851 643 3913 p.
660 3830 723 3912 21),
747 3831 898 3913 itaquae
920 3831 963 3895 ad
987 3837 1110 3896 ceteras
1132 3829 1275 3914 philoso-

115 3931 255 4016 phorum
278 3935 383 3996 sectas
405 3931 580 4012 praecipue
596 3931 819 4014 Pythagoreos
841 3937 989 4014 spectant
1010 3949 1161 4014 maguam
1184 3933 1275 3998 duru-

114 4039 209 4101 taxat
241 4039 365 4116 partem
398 4031 604 4114 suppeditata
632 4033 885 4098 existimaverim
914 4033 956 4098 ab
985 4032 1125 4098 Eudoro.
1170 4033 1275 4100 Huius

115 4135 258 4218 denique
287 4133 371 4198 liber
398 4133 569 4216 primarius
596 4141 645 4201 ιιι
671 4135 743 4201 fons
765 4133 903 4200 Achillis
932 4153 1026 4217 quern
1050 4137 1273 4218 grammatico-
