3318 4970
313 388 353 446 58
736 385 877 455 Augustus
895 385 1048 442 Junemenn

393 558 485 638 Quae
508 560 649 627 sumita
672 559 745 642 sint,
775 559 862 642 quod
890 558 1058 626 seditionis
1081 558 1283 625 Antonianae
1309 575 1394 624 anno
1417 560 1468 624 89.

308 663 471 746 particeps
499 661 623 743 luisset,
656 660 740 726 banc
766 661 928 742 legionem
958 680 976 727 e
1006 659 1181 727 Germania
1212 659 1255 726 ad
1283 660 1468 726 Danuvium

307 763 425 830 flumen
448 771 589 831 amotam
612 783 682 830 esse
705 768 845 830 statuere
867 761 952 829 licet.
996 762 1033 828 In
1055 762 1231 845 provinciis
1254 762 1339 828 enim
1362 761 1468 846 Illyri-

310 867 356 932 cis
379 871 446 931 tum
470 868 578 933 omnia
593 867 680 933 bello
694 863 888 949 flagrabant:
912 865 972 932 etsi
988 863 1134 931 cladibus
1149 864 1310 931 nonnullis
1326 863 1468 947 acceptis

309 973 377 1034 tota
398 968 529 1051 legions
552 968 661 1035 deleta
682 967 813 1033 tandem
835 967 972 1032 Romani
994 967 1089 1033 Tetto
1111 966 1238 1033 Iuliano
1261 966 1344 1032 duee
1367 967 1466 1033 victo·

309 1070 390 1135 slam
419 1071 460 1135 ab
490 1069 635 1138 hostibus
657 1073 902 1154 reportaverunt
923 1069 976 1144 (=
997 1087 1082 1134 anno
1106 1069 1180 1151 88),
1209 1074 1317 1133 tamen
1346 1068 1467 1134 bellum

310 1171 466 1237 Dacicum
494 1172 634 1238 nondum
663 1171 841 1238 confectum
870 1176 939 1236 erat
968 1176 1000 1236 et
1030 1190 1150 1236 novum
1178 1170 1243 1235 alio
1271 1170 1342 1236 loco
1366 1170 1466 1235 multo

309 1274 412 1339 maius
427 1275 558 1358 insuper
574 1275 694 1340 exarsit
706 1275 737 1355 ¹),
753 1271 927 1337 Suebicum
939 1271 1162 1356 Sarmaticum,
1178 1271 1266 1356 quod
1281 1272 1467 1338 Pannoniae

308 1375 509 1457 potissimum
532 1376 750 1459 impendebat.
774 1409 815 1420 -
837 1373 888 1438 Ad
911 1373 946 1440 id
968 1375 1065 1458 igilur
1087 1374 1218 1456 bellum,
1242 1373 1294 1439 cui
1317 1373 1467 1454 Illyricae

307 1476 452 1559 legiones
474 1497 570 1560 pares
592 1477 691 1544 luisse
713 1477 783 1543 veri
804 1495 870 1542 non
891 1476 998 1542 simile
1020 1482 1079 1559 est,
1109 1476 1195 1558 legio
1216 1471 1303 1540 XIV.
1328 1473 1466 1540 Gemina

310 1580 369 1645 sub
393 1574 580 1645 Domitiano
602 1577 744 1645 abducta
766 1585 823 1644 est.

394 1680 519 1746 Eadem
551 1701 658 1764 poena
689 1679 819 1746 videtur
850 1681 937 1763 legio
970 1679 1060 1744 XXI.
1084 1680 1200 1762 Rapax
1232 1677 1352 1744 affecta
1384 1697 1468 1745 esse.

309 1782 395 1847 Sane
424 1781 554 1864 quidem
583 1783 763 1865 culuspiam
794 1781 1040 1848 admirationem
1068 1785 1207 1863 moveat,
1243 1780 1331 1863 quod
1363 1799 1469 1864 neque

309 1885 377 1949 ulla
399 1884 539 1966 vestigia
561 1887 629 1951 eius
653 1884 828 1951 Domitiani
849 1890 955 1950 aetate
978 1883 1156 1967 posteriora
1179 1883 1340 1961 exstante
1362 1901 1468 1966 neque

312 1986 429 2068 quibus
452 1987 564 2053 castris
587 1986 740 2070 deinceps
762 1985 914 2068 imposita
935 1985 987 2068 sit,
1016 1985 1131 2068 quibua
1153 1984 1249 2050 rebus
1271 1984 1468 2068 insequenti·

311 2088 372 2154 bus
393 2088 486 2154 annis
508 2088 696 2170 interfuerit,
725 2087 826 2154 titulis
854 2087 907 2152 vel
935 2107 1042 2154 rerum
1064 2088 1254 2168 scriptorum
1276 2089 1469 2154 testimoniis

311 2189 473 2256 doeemur.
519 2187 722 2272 Quapropter
754 2189 847 2254 multi
879 2189 941 2255 viri
974 2189 1061 2255 docti
1090 2207 1128 2254 eo
1157 2187 1290 2254 adducti
1319 2195 1401 2270 sunt,
1434 2195 1470 2255 ut

310 2292 471 2374 legionem
483 2292 548 2358 illis
560 2291 757 2375 temporibus
774 2297 1013 2357 exauctoratum
1029 2309 1100 2357 esse
1112 2291 1329 2374 statuerentil,
1346 2299 1467 2358 etcum

313 2412 353 2459 aa
375 2399 483 2460 aetate
505 2393 595 2460 nulla
617 2392 745 2460 occasio
767 2393 905 2474 legionis
928 2391 1189 2459 exauctorandae
1211 2393 1322 2459 oblata
1343 2394 1468 2459 sitnisi

311 2494 431 2562 seditio
459 2495 652 2577 Antoniana,
687 2513 760 2560 eam
789 2493 980 2560 seditionem
1010 2513 1140 2561 causam
1161 2495 1271 2570 luisse,
1304 2513 1360 2561 eur
1381 2496 1469 2577 legio

312 2597 402 2662 XXI.
414 2599 531 2681 Rapax
547 2595 779 2664 dissolveretur
793 2598 1006 2662 coniecerunt.
1038 2595 1105 2662 Sed
1120 2615 1191 2662 cum
1208 2593 1309 2662 duae
1324 2597 1470 2678 legiones

315 2700 349 2763 in
371 2699 504 2782 Illyrico
538 2699 571 2764 in
604 2699 700 2766 bellis
728 2703 841 2765 contra
862 2698 969 2765 Dacos
998 2703 1031 2764 et
1053 2697 1218 2764 Sarmatas
1240 2717 1262 2763 a
1283 2697 1469 2763 Domitiano

311 2802 412 2883 gestIs
441 2801 539 2883 plane
569 2800 697 2867 deletae
719 2803 826 2883 sint⁴),
856 2800 971 2865 mirum
999 2819 1063 2867 non
1091 2800 1230 2884 videtur,
1259 2798 1466 2883 quodetiam

310 2901 449 2984 legionis
464 2899 554 2966 XXI.
571 2902 712 2985 Rapacis
733 2909 941 2969 monumenta
961 2901 1005 2967 ad
1020 2902 1162 2970 Danuvii
1183 2903 1271 2985 ripas
1293 2901 1390 2987 plane
1413 2901 1469 2967 de·

313 3121 401 3182 [1889]
425 3133 454 3187 p.
474 3121 542 3185 661).
561 3149 595 3159 -
612 3119 856 3186 Domasaeuslrius,
882 3120 929 3189 qui
951 3121 986 3175 ad
1008 3121 1036 3176 id
1059 3123 1167 3188 tempus
1185 3119 1265 3174 aliler
1281 3123 1405 3174 senserat
1422 3119 1468 3185 (cl.

309 3196 504 3271 ‘Arob-epigr.
518 3197 660 3260 Mitt'XI.
673 3221 700 3273 p.
714 3210 768 3261 911.
782 3209 817 3273 9),
835 3221 907 3258 nunc
924 3205 985 3273 ipse
1002 3219 1110 3274 quoque
1127 3203 1180 3259 illis
1198 3203 1295 3271 tegens
1313 3204 1360 3268 (cf.
1378 3203 1470 3258 adue

313 3303 341 3356 p.
362 3293 406 3353 bl)
424 3287 559 3344 adductus
578 3289 702 3344 concedit
719 3289 850 3357 legionem
867 3289 918 3343 snb
936 3288 1016 3344 finem
1037 3289 1138 3343 saeculi
1159 3288 1239 3358 primi
1263 3289 1298 3344 ud
1315 3288 1469 3344 Danuuium

311 3373 413 3428 tlumen
432 3373 593 3429 collocatam
611 3389 680 3430 esse.
698 3401 733 3416 -··
750 3373 804 3428 Ubi
815 3373 913 3428 stativa
924 3372 1037 3443 legionis
1054 3373 1147 3443 perid
1163 3379 1271 3442 tempus
1288 3371 1397 3442 luerint,
1415 3387 1470 3428 non

312 3463 428 3514 constat.
467 3459 642 3515 Carnuntinis
666 3460 764 3514 castris
788 3459 916 3529 imposita
937 3459 1129 3524 videturesse,
1152 3463 1297 3528 postquam
1319 3459 1389 3527 legio
1406 3455 1467 3515 XV.
1547 3459 1551 3468 '

311 3541 478 3611 Apollinaris
496 3542 533 3597 ad
549 3543 649 3601 bellum
667 3544 824 3599 Parthicum
841 3545 967 3613 prolecta
983 3546 1032 3598 est

401 3629 425 3692 1)
444 3625 480 3682 ct.
498 3627 618 3694 Asbacb,
632 3622 755 3684 ‘Bonnar
771 3621 894 3684 Jahrbbff
913 3626 1039 3684 LXXXI.
1057 3643 1085 3698 p.
1105 3631 1137 3682 36
1155 3631 1199 3694 (a
1219 3629 1286 3692 „Dis
1302 3629 1401 3698 Kriege
1421 3629 1470 3684 der

312 3711 459 3768 flauiseben
472 3711 570 3766 Kaisar
587 3727 623 3768 an
641 3714 689 3768 der
701 3713 725 3768 N
728 3713 875 3782 ordgrenne
893 3714 940 3770 des
952 3712 1114 3780 Relcbes.“t.
1139 3711 1247 3783 Optime
1258 3719 1286 3770 et
1297 3713 1470 3783 sagacissime

313 3797 445 3852 hocloco
463 3795 504 3852 vir
521 3796 694 3853 doctissimus
712 3797 841 3867 explicat
859 3811 929 3866 quae
946 3797 1019 3853 bella
1030 3795 1202 3854 Domitianus
1218 3799 1248 3853 in
1259 3797 1416 3867 regionibus
1434 3799 1470 3854 ad

316 3881 469 3936 Danuvium
486 3880 586 3936 flumen
602 3883 724 3950 gesserit,
743 3898 795 3952 quo
813 3895 886 3937 anno
903 3887 964 3938 orta
982 3887 1081 3952 etque
1098 3883 1224 3939 conlecta
1241 3883 1304 3939 sint.

399 3970 426 4033 2)
444 3965 478 4021 cl.
497 3966 532 4020 Η,
551 3967 644 4036 Meyer
660 3968 679 4024 l.
697 3968 716 4024 l.
734 3985 762 4038 p.
783 3973 832 4022 142
849 3975 877 4023 et
895 3968 946 4023 Tb.
965 3967 1057 4037 Bergk
1074 3968 1092 4024 l.
1110 3967 1128 4024 l.
1147 3984 1174 4038 p.
1194 3971 1234 4022 til.

399 4055 427 4114 3)
443 4050 478 4106 el.
491 4051 582 4120 Bergk
599 4052 618 4106 l.
629 4053 648 4108 l.
661 4068 688 4121 p.
702 4056 819 4108 tle-ut.

400 4138 427 4201 4)
443 4133 514 4192 Vide
531 4151 615 4205 supra
631 4153 660 4206 p.
678 4142 710 4192 45
729 4139 792 4194 adn.
812 4141 837 4193 2.
