3318 4970
482 387 524 442 De
540 387 645 457 legione
661 385 844 442 Romanorum
860 387 882 442 l.
902 385 1049 441 Adiutrice.
1300 385 1340 445 15

192 560 307 646 tradat,
326 561 390 626 Dio
401 561 422 638 ¹)
437 561 557 644 apertis
573 559 681 626 verbis
696 565 819 642 septem
835 559 903 626 fere
919 558 1010 624 milia
1024 558 1160 624 militnm
1175 556 1342 624 interiecta

192 683 262 731 esse
285 669 428 729 testatur.
473 663 516 728 At
537 662 623 745 legio
645 662 719 746 ipsa
741 679 781 726 ex
804 661 944 744 quinque
967 661 1019 726 rel
1041 660 1181 726 maxime
1203 678 1262 725 sex
1283 659 1340 724 mi-

190 766 274 832 libus
296 763 442 849 peditum
465 763 643 831 constabat.
688 759 760 839 Qua
781 762 854 845 ipsa
876 762 917 830 de
940 782 1038 829 causa
1060 761 1100 842 ii,
1131 761 1186 844 qui
1207 761 1342 844 signaa

192 866 297 934 Galba
319 866 489 951 petebant,
519 865 638 931 milites
660 864 797 947 legionis
821 863 958 930 Neronis
981 862 1136 931 classicae
1157 883 1222 930 non
1250 863 1341 928 intel·

190 966 320 1051 legendi
343 973 426 1051 sunt,
447 967 510 1034 nisi
532 967 613 1034 forte
635 967 707 1050 quis
730 971 821 1050 putat
843 964 911 1032 fieri
930 985 1035 1051 posse,
1059 971 1093 1032 ut
1109 972 1233 1050 septem
1259 965 1342 1032 mili·

193 1070 252 1137 bus
274 1069 409 1134 militum
433 1069 548 1136 occisis
570 1074 677 1134 tamen
701 1068 786 1150 legio
810 1073 1004 1150 permaneat.

278 1170 342 1237 Sed
365 1170 444 1254 quid
468 1189 529 1253 ego
552 1168 593 1236 de
615 1188 747 1235 numero
763 1188 930 1235 caesorum
946 1170 1083 1236 militum
1098 1169 1232 1253 loquor?
1255 1169 1341 1236 Reli·

192 1292 285 1356 quos,
316 1273 371 1357 qui
394 1271 527 1338 caedem
554 1270 747 1355 effugerant,
778 1271 915 1337 Galbam
944 1271 977 1336 in
1008 1272 1137 1338 vincula
1166 1271 1342 1338 coniecisse

192 1374 323 1440 Tacitus
344 1373 401 1439 illo
424 1374 506 1457 loco,
530 1392 625 1456 quem
648 1392 745 1457 supra
766 1393 798 1457 p.
824 1375 872 1438 13.
895 1373 1070 1457 attulimus,
1092 1373 1198 1440 refert

276 1474 366 1554 Quae
390 1496 462 1542 cnm
484 1476 531 1541 ita
551 1476 625 1559 sint,
648 1475 719 1561 ubi,
742 1493 878 1557 quaeso,
902 1475 1063 1541 classiani
1084 1476 1221 1558 legionis
1241 1476 1342 1543 inisse

191 1577 396 1646 existimandi
419 1583 502 1660 sunt,
525 1612 566 1622 -
589 1597 685 1660 quam
708 1578 815 1656 ctiam,
842 1584 1011 1662 postquam
1034 1577 1139 1643 Galba
1161 1578 1272 1644 urbem
1295 1579 1341 1643 in·

190 1700 318 1765 gressus
342 1686 405 1762 eat,
428 1681 551 1746 Romae
572 1678 765 1746 remansisse
788 1679 919 1746 Tacitus
942 1684 1091 1762 testatur,
1114 1713 1155 1724 -
1178 1680 1206 1746 si
1228 1698 1342 1746 revera

192 1782 315 1849 Galbae
337 1782 530 1849 restitissent
552 1782 660 1864 itaque
682 1787 747 1848 tam
770 1780 943 1847 crudeliter
964 1782 1067 1864 puniti
1090 1783 1212 1850 essenti
1256 1782 1341 1865 Ergo

191 1885 287 1952 totius
316 1884 357 1951 de
386 1904 450 1969 qua
477 1884 603 1966 agimus
632 1883 679 1948 rei
708 1881 805 1948 cardo
835 1883 868 1948 in
897 1902 935 1949 co
965 1884 1113 1965 vertitur,
1148 1890 1182 1950 ut
1215 1890 1342 1969 praeter

192 1987 352 2070 legionem
375 1986 554 2068 classicam,
574 1977 684 2068 ‘quam
699 2005 717 2051 e
733 1987 837 2052 classe
853 1985 939 2052 Nero
962 1976 1221 2068 conscripserat,
1244 1987 1342 2053 etiam

191 2108 342 2171 magnum
364 2088 500 2155 aliorum
523 2087 728 2154 classicorum
750 2107 916 2154 numerum
939 2089 971 2153 in
994 2088 1072 2153 urbe
1095 2089 1194 2154 luisse
1210 2107 1249 2155 eo
1264 2095 1341 2154 tem·

190 2209 278 2274 pore,
294 2210 358 2273 quo
373 2189 480 2256 Galba
494 2188 604 2255 urbem
620 2189 762 2272 intraret,
780 2189 982 2256 concedatur.
1009 2188 1103 2268 Quod
1119 2209 1341 2273 quamverum

190 2294 247 2373 sit,
271 2298 305 2357 ut
327 2293 425 2376 plane
448 2291 676 2376 perspiciatur,
699 2289 883 2373 videamus,
907 2311 970 2374 quo
994 2299 1137 2376 tempore
1161 2299 1192 2358 et
1214 2311 1278 2375 qua
1300 2291 1342 2358 de

191 2413 287 2460 causa
308 2394 466 2460 classiarii
488 2393 520 2458 in
543 2391 653 2457 urbem
677 2392 774 2458 exciti
796 2392 868 2457 sint.

277 2495 356 2562 Gum
386 2495 484 2578 igitur
508 2495 642 2560 Romam
666 2493 843 2559 nuntiatum
867 2499 952 2560 esset
972 2492 1129 2562 defecisse
1147 2497 1286 2564 Galliam
1310 2502 1342 2562 et

191 2597 413 2680 Germaniam,
444 2595 620 2663 descivisse
649 2595 856 2680 Hispaniam,
890 2595 943 2662 hie
971 2597 1108 2663 Galbam
1136 2619 1157 2664 a
1185 2599 1340 2667 militibus

192 2701 416 2784 imperatorem
431 2698 629 2782 appellatum
647 2716 728 2780 esse,
752 2697 820 2762 illic
836 2697 1004 2764 Vindicem
1026 2701 1194 2766 tumultum
1209 2721 1340 2769 movere

190 2822 229 2870 ac
245 2802 360 2868 Reium
383 2801 597 2886 principatum
613 2805 778 2885 appetere,
801 2807 868 2866 tum
884 2801 1011 2866 demum
1026 2801 1113 2868 Nero
1128 2804 1238 2887 copias
1254 2825 1340 2871 com·

190 2924 303 2988 parare
327 2904 483 2987 eoepitb,
513 2922 647 2985 quarum
669 2903 792 2968 auxilio
821 2903 991 2985 imperium
1020 2903 1187 2970 obtineret.
1232 2905 1339 2985 Quare

189 3009 327 3091 primum
351 3005 577 3072 vexillationes
599 3005 761 3087 legionum
778 3003 962 3070 Germanici
985 3012 1017 3070 et
1031 3003 1154 3088 lllyrici
1172 3009 1341 3093 exercitus,

190 3127 272 3191 quae
287 3106 330 3174 ad
347 3107 475 3191 bellum,
492 3105 579 3190 quod
596 3111 707 3173 contra
721 3106 864 3172 Albanos
880 3113 1060 3190 paraverat,
1076 3107 1212 3174 navibus
1228 3111 1340 3177 classis

188 3209 386 3276 Ravennatis
409 3209 606 3294 praemissae
630 3214 720 3274 erant
730 3210 767 3286 ³),
792 3228 887 3291 quam
911 3209 1076 3274 celerrime
1099 3212 1254 3292 reportari
1277 3212 1339 3278 ins·

188 3312 238 3378 sit.
277 3309 403 3378 Deinde
427 3331 498 3378 cum
522 3316 650 3396 praeter
672 3309 818 3378 cohortes
841 3311 1019 3395 praetorias
1035 3317 1066 3377 et
1082 3310 1218 3377 urbanas
1232 3312 1339 3378 nullae

277 3483 300 3544 1)
319 3478 349 3534 G.
368 3479 420 3533 Dio
438 3478 525 3547 (epit.)
542 3481 584 3542 ot,
597 3481 628 3530 3:
648 3516 696 3532 ...
716 3475 756 3542 εἰς
773 3473 1001 3549 ἑπτακισχιλίους
1018 3471 1182 3542 ἀπέθανον,
1200 3475 1228 3534 ei
1245 3477 1341 3535 δὲκαὶ

187 3559 261 3632 μετὰ
286 3567 373 3621 τοῦτο
401 3561 626 3628 deaureata-'vasa
663 3562 721 3630 Quo
744 3562 805 3616 loco
824 3561 921 3617 iterum
939 3567 1012 3618 errat
1034 3563 1087 3618 llio
1105 3577 1220 3618 narrans
1241 3563 1340 3618 milites

186 3649 347 3705 interiectos
359 3648 549 3718 praetorianos
561 3647 654 3702 turmae.
676 3645 729 3701 Sed
741 3647 860 3702 fortasse
870 3647 1010 3716 Xiphilini,
1024 3649 1070 3716 qul
1081 3648 1222 3704 historiam
1234 3649 1339 3714 Dionis,

186 3737 218 3787 nt
235 3733 288 3788 hoc
301 3733 383 3788 verbo
395 3737 466 3798 utar,
478 3732 644 3802 epitomavit,
662 3733 711 3787 ant
723 3731 825 3787 librarii
843 3732 924 3802 culpa
935 3732 1039 3787 factum
1057 3735 1106 3799 cst,
1125 3737 1156 3789 ut
1173 3734 1339 3802 praetoriani

185 3834 236 3888 pro
256 3817 401 3873 classiariis
419 3819 551 3872 hocloco
569 3817 697 3888 appellati
714 3815 778 3872 sint.

273 3906 298 3967 ll
318 3904 426 3958 Cassius
444 3902 498 3958 Dio
517 3906 558 3969 63,
578 3907 618 3959 ll.

272 3993 297 4054 ³)
315 3988 350 4044 ci.
369 3987 457 4044 Tacit.
471 3988 534 4044 hist.
548 3987 560 4040 l
573 3993 601 4042 6:
614 3982 705 4044 ‘multi
722 3987 822 4044 adhoc
839 3987 944 4042 numeri
962 3987 1136 4043 eGermania
1152 4004 1185 4044 ac
1198 3991 1339 4048 Britannia

183 4079 213 4128 et
224 4074 341 4144 Illyrico,
360 4089 428 4144 quos
444 4072 516 4128 idem
528 4073 600 4129 Nero
613 4075 713 4130 electos
726 4073 943 4143 praemissosque
960 4072 995 4127 ad
1008 4074 1127 4129 claustra
1139 4074 1297 4144 Caspiarum
1310 4084 1337 4133 et

183 4160 294 4227 bellum,
306 4159 378 4229 quod
389 4159 417 4214 in
427 4159 549 4216 Albanos
560 4160 685 4228 parabat,
698 4158 881 4228 opprimendis
892 4157 1013 4214 Vindicis
1026 4159 1130 4228 coeptis
1140 4156 1337 4219 revocaverat’.
