3134 4986
312 399 375 458 360
762 395 888 464 mugnus
905 394 1018 450 Martini

312 572 409 639 dorus
424 578 457 637 et
471 569 783 638 Pseudoaristoteles
798 587 840 634 ex
855 567 1049 650 compendio
1064 565 1316 648 meteorologioo
1332 565 1472 649 Apamei

313 675 416 759 petita
438 693 518 740 esse.
557 671 648 750 Quae
671 693 742 738 oum
758 673 971 756 speculamur,
993 668 1110 753 partim
1126 667 1170 734 ad
1184 669 1339 751 μετέωρα
1354 667 1471 750 partim

312 775 357 844 ad
387 772 553 858 μετάρσια
587 779 734 858 spectare
766 771 864 840 faoile
894 772 1052 839 videmus.
1103 769 1252 836 (letarum
1280 774 1472 851 personatus

312 876 469 960 Stagiritu
500 877 644 962 pressius
678 875 889 943 Posidonium
922 879 1051 941 seeutus
1084 877 1134 938 est
1166 890 1262 954 quam
1297 869 1473 935 Diodorus.

313 977 517 1062 Quapropter
545 977 696 1060 equidem
720 996 759 1044 eo
781 978 921 1059 inclino,
951 981 986 1041 ut
1009 993 1082 1040 eum
1102 973 1201 1039 etiam
1224 971 1473 1056 dispositionem

310 1080 491 1164 argumenti
510 1079 685 1146 Posidonio
708 1079 827 1148 debere
850 1079 976 1146 duoam.
1011 1074 1102 1154 Quae
1125 1073 1311 1145 oonieotnra
1331 1074 1362 1139 si
1384 1080 1473 1139 rento

311 1183 377 1248 talo
400 1187 481 1264 stat,
504 1180 698 1248 Posidonius
720 1182 753 1246 in
775 1182 881 1246 fronte
903 1180 1008 1246 libelli
1030 1178 1081 1245 sui
1102 1177 1213 1260 paullo
1236 1176 1474 1258 generaliorem

311 1283 620 1368 disputatinneulam
655 1283 839 1350 oonlooavit
867 1301 952 1366 qnae
978 1278 1208 1347 exordiebatur
1236 1297 1258 1343 a
1284 1276 1475 1344 definitione

311 1385 403 1451 verbi
424 1381 567 1467 κόσμος;
590 1385 667 1449 exin
689 1384 868 1450 doctrinam
887 1384 928 1450 de
944 1384 1039 1450 rebus
1055 1379 1249 1447 caelestibus
1265 1379 1473 1462 explanavit3

311 1487 452 1570 denique
475 1487 628 1552 sublimia
649 1485 863 1552 adumbravit.
909 1485 975 1552 Sed
998 1489 1069 1551 utut
1090 1481 1172 1548 bueo
1193 1500 1229 1548 se
1252 1479 1389 1563 habent,
1414 1481 1475 1546 uti-

312 1609 375 1672 que
398 1589 491 1654 nobis
515 1587 720 1654 statuendum
743 1593 793 1654 est
814 1581 1075 1671 in‘Gompendio
1090 1573 1356 1665 meteorologioo’
1383 1583 1474 1648 Posi-

312 1691 446 1757 donium
477 1709 581 1772 aeque
611 1709 717 1756 rernm
746 1690 935 1776 caelestium
957 1689 1115 1756 rationem
1138 1684 1291 1750 habuisse
1313 1705 1353 1750 ao
1376 1683 1476 1750 subli-

310 1793 418 1858 mium.
463 1789 568 1868 Quem
596 1790 638 1855 ad
667 1790 797 1857 modum
826 1798 934 1858 autem
957 1789 1137 1858 doctrinam
1160 1786 1203 1855 de
1224 1786 1379 1852 meteoris
1401 1805 1475 1869 pro

311 1894 429 1960 lixiore
452 1893 599 1958 oratione
620 1900 808 1975 persecutus
831 1901 880 1960 est
901 1893 985 1959 libro
1005 1885 1105 1974 ‘maol
1127 1878 1332 1972 pompos,
1362 1887 1413 1954 sio
1436 1888 1475 1954 de

311 1995 408 2060 rebus
439 1992 631 2059 sublimibus
660 1993 761 2060 fusius
785 1995 890 2077 egisse
912 1993 1042 2061 videtur
1062 1993 1097 2057 in
1115 1984 1276 2074 ‘Physioo
1299 1980 1475 2056 sermone'.

312 2095 360 2162 cf.
383 2096 441 2160 La.
464 2095 560 2176 Diog.
584 2094 647 2160 VH
671 2099 732 2162 153
755 2102 787 2161 et
812 2099 883 2161 154.
935 2095 1112 2164 Constabat
1144 2112 1222 2159 vero
1255 2092 1309 2158 hio
1341 2111 1410 2156 non
1443 2098 1477 2157 ut

311 2198 409 2282 volgo
438 2195 611 2281 perhibent
639 2197 690 2271 (el.
713 2198 861 2264 Balneum
883 2198 916 2264 ll.
940 2218 972 2282 p.
989 2201 1050 2264 237
1079 2203 1111 2262 et
1139 2193 1385 2262 Sobmekelium
1408 2195 1431 2258 l.
1454 2195 1476 2260 l.

310 2321 342 2385 p.
367 2302 420 2376 13)
447 2299 614 2364 minimum
643 2298 706 2367 XV
733 2301 825 2366 libris
853 2299 912 2366 sed
939 2299 1013 2364 XII.
1063 2298 1148 2364 Nam
1177 2295 1266 2382 apud
1293 2295 1353 2362 La
1378 2295 1475 2381 Diog.

310 2403 331 2468 l.
350 2402 417 2468 =vl1
441 2404 501 2464 140
530 2401 574 2468 in.
604 2401 744 2483 optimus
773 2401 844 2468 eod.
873 2401 986 2484 Bnrb.‚
1015 2407 1052 2466 nt
1073 2400 1208 2466 oomiter
1230 2399 1404 2464 certiorem
1426 2417 1476 2464 me

307 2502 385 2572 feeit
400 2503 435 2570 0.
451 2500 723 2586 Waobsmutbius,
746 2503 882 2586 praebet
902 2522 1070 2568 numerum
1093 2498 1123 2566 a'
1148 2520 1212 2567 non
1229 2496 1288 2564 ιε’.
1323 2499 1476 2566 Ceterum

308 2626 350 2673 ne
371 2624 523 2676 uumerus
538 2603 604 2670 Xll
626 2604 758 2687 quidem
774 2606 827 2683 (of.
844 2605 902 2670 La.
919 2604 1013 2686 Diog.
1030 2605 1051 2670 l.
1068 2603 1130 2670 Vll
1146 2605 1220 2680 149)
1236 2607 1330 2668 extra
1345 2622 1474 2668 omnem

309 2707 546 2774 dubitationem
573 2707 698 2789 positus
727 2712 785 2773 est.
830 2707 982 2772 Fortasse
1013 2705 1044 2770 ei
1066 2703 1224 2771 adhaeret
1246 2728 1260 2768 ι
1281 2705 1476 2770 anteceden-

248 2809 251 2817 ’
309 2811 350 2876 tis
372 2809 445 2874 τῶι.
1163 2851 1164 2854 ¹

396 2910 496 2975 Nulla
518 2913 627 2974 autem
649 2927 748 2974 eausa
771 2915 819 2976 est
834 2901 1152 2992 our‘Oompendium
1168 2899 1472 2992 meteorologioum'

309 3032 352 3079 ex
376 3005 532 3096 ‘Physioo
563 3001 723 3077 sermone'
756 3016 788 3076 et
817 3030 859 3076 ex
886 3011 969 3076 libro
996 3003 1060 3076 ‘De
1083 3004 1251 3076 meteoris’
1284 3017 1475 3093 exoerptum

308 3120 474 3199 putemus:
515 3113 615 3178 immo
650 3133 728 3178 vero
761 3113 823 3178 fuit
854 3113 1028 3197 singularis
1061 3112 1221 3195 seriptura
1253 3117 1352 3194 atque
1388 3109 1476 3177 haud

308 3235 416 3301 pauca
445 3214 602 3280 continuit
627 3233 712 3296 quae
734 3213 814 3280 alibi
837 3235 901 3280 non
924 3214 1075 3282 tractavit
1097 3212 1312 3297 philosophus
1334 3213 1476 3296 Apame

311 3318 407 3384 ensis.
454 3312 635 3392 Quodnisi
657 3321 789 3398 statuas,
814 3316 961 3400 intellegi
982 3317 1072 3383 nullo
1095 3316 1193 3382 modo
1215 3319 1322 3400 potest
1344 3315 1477 3398 quoda

267 3447 270 3452 ·
308 3417 430 3484 Laertii
452 3422 583 3482 auetore
606 3417 698 3482 iuxta
718 3418 884 3484 uberiores
900 3418 1029 3502 physici
1044 3418 1227 3502 argumenti
1243 3417 1344 3483 libros
1364 3411 1476 3484 ‘Gom-

309 3518 466 3601 pendium
495 3513 798 3602 meteorologioum'
835 3520 1030 3603 aliquotiens
1059 3519 1209 3586 landatur
1237 3525 1270 3585 et
1291 3520 1475 3602 respioitur.

395 3620 513 3686 Verum
538 3618 620 3686 haee
642 3620 807 3686 haetenus.
845 3619 1048 3704 Quamquam
1070 3641 1134 3687 non
1156 3621 1237 3686 nulli
1259 3621 1323 3686 looi
1339 3623 1476 3706 scripto

308 3741 380 3788 rum
400 3721 613 3806 posteriorum
636 3723 750 3798 (veluti
773 3721 918 3789 Philonis
940 3723 1054 3790 Iudaei
1077 3729 1110 3790 et
1132 3721 1308 3790 Clementis
1329 3724 1476 3790 Alexan·

310 3821 406 3898 drini)
432 3829 559 3889 exstant
580 3822 636 3888 ubi
659 3842 756 3890 voees
778 3827 930 3910 μετέωρα
952 3832 985 3892 et
1001 3822 1167 3909 μετάρσια
1182 3825 1342 3909 leguntur,
1364 3831 1475 3891 mmen

311 3922 510 4090 eppladferre
524 3943 589 3990 non
605 3924 746 4007 deamvi,
762 3926 849 4009 quod
864 3927 987 3994 utilitas
1003 3947 1087 4011 quae
1102 3926 1178 3994 inde
1194 3925 1354 3994 redundat
1368 3945 1475 4010 paene

309 4045 331 4090 n
378 4045 400 4090 a
420 4031 479 4090 est.

787 4114 990 4126 ——...
