3318 4970
511 319 553 374 De
570 319 674 390 legione
691 319 876 376 Romanorum
893 320 915 374 1.
933 320 1082 378 Adiutrice.
1331 325 1370 398 23

217 497 289 574 stat,
313 492 346 556 in
368 511 432 575 quo
455 493 581 560 occasio
603 491 680 560 fidei
703 493 882 560 servandae
905 494 1086 577 legionibus
1109 495 1186 562 data
1208 503 1286 580 orat,
1310 498 1371 567 nisi

217 592 411 660 seditionem
426 595 650 661 Antonianam.
685 593 749 660 Sed
774 615 844 660 cnm
869 603 1025 679 appareat
1048 595 1132 666 hanc
1153 598 1314 682 legionem
1337 600 1370 665 in

217 715 257 762 ea
279 694 437 764 seditione
460 697 506 764 ita
528 715 599 764 esse
625 701 803 778 versatam,
833 703 868 762 nt
890 697 1063 764 Antonium
1086 717 1192 766 rerum
1214 720 1370 768 novarum

217 796 368 880 cupidum
384 817 578 882 oppressura
594 817 635 864 ex
651 797 809 880 Hispania
824 799 958 883 venerit,
981 800 1096 866 mirum
1113 807 1171 883 est,
1187 801 1274 884 qnod
1290 800 1371 868 nihil

209 904 266 978 ,est
295 899 447 966 nuditum
478 899 519 966 de
542 901 696 983 praemio,
726 919 789 982 quo
813 900 854 967 ob
876 899 972 966 fidem
996 908 1028 967 et
1050 909 1284 972 sacramentum
1306 921 1371 969 ser·

217 1006 327 1071 vatum
349 1002 390 1067 ab
419 1002 611 1086 imperatore
639 1009 751 1068 ornata
774 1003 824 1085 sit,
853 1022 1057 1088 quamquam,
1088 1010 1123 1070 nt
1145 1004 1317 1088 Ritterling
1339 1010 1371 1071 et

218 1101 380 1186 Schilling
403 1105 583 1187 opinantur,
607 1104 648 1170 ob
671 1103 807 1170 eandem
830 1123 959 1172 cansam
975 1124 1153 1188 cognomen
1175 1105 1210 1170 P.
1228 1105 1262 1180 F.
1287 1113 1370 1172 totns

218 1204 410 1271 Germaniae
443 1206 603 1272 inferioris
637 1207 797 1282 exercitus
830 1207 971 1290 accepit,
1006 1208 1060 1290 qui
1094 1227 1174 1290 quas
1200 1216 1307 1290 partes
1338 1208 1371 1273 in

218 1305 376 1372 seditione
399 1309 510 1391 egerit,
533 1308 638 1391 spissa
659 1306 767 1374 adhuc
789 1309 928 1390 caligine
950 1308 1135 1375 obvolutum
1160 1317 1217 1378 est.

304 1407 369 1475 Sed
403 1429 475 1476 cum
507 1415 635 1493 praeter
667 1409 858 1476 seditionem
892 1411 1021 1476 Antonii
1055 1410 1218 1476 Saturnini
1252 1411 1372 1477 nullam

217 1512 315 1576 aliam
338 1513 539 1578 occasionem
562 1512 715 1595 pietatem
739 1510 901 1594 fidemque
916 1512 1143 1578 manifestandi
1161 1531 1220 1596 per
1242 1511 1276 1577 id
1299 1532 1371 1596 spa-

218 1614 298 1679 tium
331 1615 484 1696 temporis
513 1614 658 1680 invenire
687 1614 857 1698 possimus,
892 1615 988 1681 meris
1022 1615 1212 1696 coniecturis
1247 1615 1372 1681 omissis

219 1715 461 1782 concedendum
485 1721 534 1782 est
550 1717 647 1800 plane
670 1716 824 1798 ignorari,
847 1735 910 1799 qno
934 1721 1089 1799 ternpore,
1112 1735 1210 1798 aquo
1226 1717 1372 1802 principe

219 1823 311 1900 grato
328 1823 359 1882 et
375 1815 522 1883 beneficii
537 1836 689 1897 memore,
713 1837 809 1900 quam
833 1817 873 1883 ob
897 1836 964 1883 rem
987 1817 1125 1884 fideliter
1140 1825 1264 1902 gestam
1286 1820 1372 1904 legio

219 1938 397 2001 cognomen
421 1919 455 1982 P.
473 1919 508 1983 F.
533 1919 705 2003 acceperit,
728 1925 825 2002 atque
848 1918 910 1985 hoc
932 1926 1053 1986 tantum
1075 1910 1299 1988 affirmandum
1321 1941 1372 1988 us-

219 2039 281 2104 que
296 2019 338 2086 ad
354 2039 470 2085 annum
493 2022 544 2085 98.
566 2022 725 2104 legionem
742 2019 804 2087 hoc
819 2019 939 2088 honore
954 2019 1138 2088 decoratam
1155 2043 1218 2088 non
1234 2023 1344 2090 fuisso.
1353 2025 1373 2100 ¹)

304 2122 361 2186 ΙΙΙ.
396 2121 458 2188 Pro
482 2123 673 2204 cognomine
695 2122 731 2186 P.
754 2123 789 2187 F.
814 2123 948 2208 praebet
969 2143 1049 2189 unus
1073 2125 1184 2191 titulus
1207 2125 1263 2202 111.
1289 2128 1372 2191 4300

219 2228 274 2302 (=
296 2245 325 2289 n.
348 2227 411 2298 57.)
434 2223 659 2308 compendium
683 2223 804 2310 CONS,
828 2225 916 2308 qnod
939 2224 1140 2292 Constans
1162 2227 1371 2310 intellegitur.

218 2327 289 2394 Hoc
323 2331 429 2392 autem
461 2345 654 2410 cognomen,
690 2347 752 2410 quo
785 2328 948 2410 legionem
981 2328 1157 2412 aliquando
1191 2335 1373 2396 constanter

219 2431 343 2514 aliquid
359 2427 729 2522 gessisseprae'dioatur,
752 2447 815 2510 qno
830 2435 985 2512 tempore,
1009 2450 1071 2512 quo
1094 2431 1180 2496 facto
1202 2431 1289 2514 legio
1311 2431 1373 2496 sibi

219 2533 390 2616 pepererit,
413 2531 568 2596 incertum
591 2537 654 2610 est,
680 2529 714 2594 id
738 2535 861 2595 tantum
883 2538 1019 2614 apparet
1042 2550 1113 2597 eam
1137 2531 1228 2598 initio
1251 2533 1373 2598 saeculi

219 2633 305 2700 tertii
327 2633 390 2700 hoo
411 2632 601 2715 cognomine
625 2637 811 2698 exornatam
833 2633 942 2715 fnisse,
974 2653 1044 2699 cnm
1075 2633 1185 2698 titnlns
1208 2633 1279 2700 Deo
1304 2632 1373 2700 Soli

218 2735 400 2820 Alagabalo
430 2733 597 2800 dedicatus
625 2741 698 2818 post
721 2733 908 2800 Caracallae
937 2732 1064 2800 demum
1093 2741 1232 2802 aetatem
1259 2755 1372 2802 exara·

219 2844 270 2903 tns
296 2837 347 2903 sit.

307 2937 374 3004 Sed
396 2957 467 3004 oum
491 2957 668 3022 cognomen
691 2937 849 3005 Constans
871 2939 972 3005 semel
994 2944 1116 3004 tantum
1139 2946 1293 3024 occurrat,
1317 2939 1373 3006 ho·

219 3039 387 3108 norifioum
418 3039 500 3105 illud
522 3038 558 3104 P.
581 3039 617 3104 F.
646 3039 834 3123 saepissime
869 3039 902 3105 in
931 3041 1031 3107 titulis
1061 3042 1170 3124 saeris,
1205 3042 1237 3105 in
1268 3041 1372 3125 cippis

312 3281 336 3342 1)
353 3277 397 3329 An
409 3289 478 3329 ¹vero
491 3277 574 3343 putas
591 3273 667 3327 illum
679 3277 829 3346 temporum
842 3275 1023 3343 posteriorum
1034 3275 1149 3330 abusum
1161 3281 1275 3329 exeunte
1287 3275 1374 3343 primo

221 3361 334 3416 saeculo
352 3365 491 3429 receptum
508 3359 611 3414 luisse?
646 3357 746 3414 Postea
764 3359 834 3414 enim
852 3359 970 3428 legiones
988 3365 1099 3429 propter
1122 3358 1212 3414 resin
1230 3359 1300 3432 bello
1319 3361 1374 3416 sive

218 3445 350 3501 intestino
377 3445 432 3516 sire
456 3448 566 3501 externo
585 3445 654 3499 bene
671 3449 700 3498 et
719 3445 826 3500 fortiter
849 3450 940 3514 gestas
962 3445 1008 3500 illo
1026 3444 1145 3514 praemio
1164 3443 1285 3514 dseomri
1303 3446 1373 3500 sole·

220 3533 298 3586 bant.
334 3530 437 3598 Quodsi
453 3545 517 3586 vero
535 3529 570 3584 ad
587 3529 658 3584 hanc
676 3545 782 3599 quoqne
800 3529 930 3598 legionem
943 3528 1093 3598 quadraret,
1112 3528 1297 3584 coniciendum
1315 3533 1375 3586 erat

219 3617 352 3685 legionem
371 3630 433 3670 eum
450 3615 580 3672 honorem
603 3614 675 3669 bello
693 3613 796 3669 Dacico
814 3613 905 3684 priore
922 3619 970 3668 ant
987 3614 1137 3688 posteriore
1159 3614 1210 3670 sibi
1226 3617 1373 3687 peperisse.

220 3701 276 3756 Sed
294 3715 380 3770 nsque
398 3700 489 3755 adhue
506 3705 597 3760 manet
612 3699 641 3754 id
659 3701 730 3768 quod
743 3698 873 3758 Aemilius
885 3698 1029 3768 Ritterling
1047 3705 1074 3752 et
1092 3698 1155 3754 Otto
1174 3698 1302 3770 Schilling
1319 3707 1374 3756 sta·

220 3789 335 3841 tnerunt
356 3800 405 3855 per
427 3786 543 3854 primum
566 3787 630 3855 post
649 3781 783 3840 Christum
806 3787 905 3856 natum·
918 3785 1055 3840 saeculum
1073 3782 1292 3852 significationem
1311 3801 1374 3854 cog·

219 3871 337 3926 nominis
355 3871 386 3925 P.
405 3870 446 3936 F,
472 3871 518 3940 qni
541 3875 602 3926 erat
624 3871 777 3925 rarissimus
802 3869 873 3924 illius
896 3869 992 3926 aetatis
1011 3875 1133 3938 ornatus,
1154 3870 1291 3940 propriam
1309 3887 1373 3928 con-

219 3957 355 4016 servatam
373 3971 442 4012 esse.
467 3955 540 4024 Ergo
552 3955 581 4010 in
594 3954 682 4026 medio
700 3954 893 4022 relinquamus,
912 3970 981 4024 quae
999 3954 1081 4010 inerit
1100 3969 1182 4010 rausa
1193 3956 1258 4010 huin
1275 3955 1373 4025 legioni

220 4040 388 4109 cognominis
406 4039 437 4095 P.
456 4039 489 4094 F.
508 4039 630 4094 addendi.
