3198 4974
313 387 374 447 198
787 384 853 441 Otto
870 385 998 441 Bochscb

310 563 479 643 iustaeque
503 577 576 624 eam
598 559 700 624 multa
721 578 852 642 passam
867 557 951 625 adeo
973 556 1055 622 nihil
1078 564 1187 622 temen
1204 557 1284 622 mali
1305 557 1400 624 vobis
1423 557 1474 622 in·

310 663 441 745 tulisse,
470 665 506 726 ut
533 680 618 727 nunc
640 680 699 727 voe
722 660 821 725 etiam
843 659 961 740 tradat,
988 659 1115 726 etiamsi
1137 659 1319 742 periculum
1341 659 1398 743 sit,
1429 679 1474 726 ne

309 784 374 830 non
398 763 536 846 gratiam
551 761 687 845 probam
702 761 744 827 ab
760 761 818 828 illo
833 750 999 844 accipiat'.
1030 759 1159 826 Similia
1173 781 1252 828 sane
1269 761 1367 827 etiam
1381 760 1474 844 apud

310 865 505 949 Dionysium
529 863 618 940 (VIII
633 864 730 946 46,2),
753 863 869 929 sinon
899 861 1016 928 eodem
1038 863 1121 944 loco,
1146 882 1210 946 quo
1233 861 1322 947 apud
1345 862 1474 928 Plutar-

310 967 415 1050 chum,
438 971 473 1030 at
495 964 536 1030 de
553 963 668 1030 eadem
683 983 719 1030 re
736 969 915 1047 occurrunt,
938 964 1063 1030 scilicet
1078 965 1112 1029 in
1126 964 1289 1048 precibus,
1312 983 1393 1048 quas
1409 965 1475 1030 Ve-

308 1069 395 1136 turia
416 1071 535 1150 mater,
559 1065 623 1132 iam
645 1066 799 1134 Valeriae
822 1065 979 1130 voluntati
1003 1065 1166 1149 obsecuta,
1189 1064 1233 1130 ed
1256 1065 1412 1132 Marcium
1436 1065 1474 1130 ri·

310 1172 390 1238 lium
413 1169 500 1235 lacit.
546 1166 612 1234 Sed
628 1167 764 1236 Veturia
779 1166 1010 1250 testimonium,
1032 1166 1120 1249 quod
1137 1167 1270 1232 Valeria
1291 1168 1380 1252 apud
1395 1167 1475 1233 Plu·

308 1270 454 1339 terchum
478 1268 520 1334 de
548 1270 709 1352 patria
741 1288 814 1336 eam
842 1267 986 1351 profiteri
1020 1267 1125 1354 inbet,
1158 1267 1248 1352 apud
1278 1269 1475 1353 Dionysium

308 1371 509 1441 matronis
525 1371 679 1437 Romanis
694 1371 816 1452 tribuit,
833 1388 916 1453 quae
933 1368 1083 1435 dicuntur
1099 1360 1195 1434 οὐδὲν
1218 1367 1279 1450 μὲν
1303 1363 1381 1434 οὔτε
1402 1383 1476 1452 μεῖ-

310 1472 364 1552 ζον
395 1463 461 1538 οὔτ’
494 1469 634 1538 ἔλαττον
663 1469 712 1548 εἰς
740 1467 829 1559 ἡμᾶς
858 1475 914 1549 (so.
945 1469 1111 1537 Coriolani
1136 1477 1290 1555 matrem,
1326 1492 1475 1556 uxorem,

308 1576 440 1652 liberos)
465 1569 722 1656 ἐξαμαρτοῦσαι,
747 1567 877 1660 πολλὴν
900 1568 1009 1635 δὲκαὶ
1032 1561 1085 1635 ὅτ’
1105 1563 1314 1654 εὐτυχοῦμεν,
1339 1567 1477 1640 εὔνοιαν

309 1674 361 1742 ἔτι
383 1672 649 1756 παρασχόμεναι,
673 1677 728 1741 καὶ
748 1666 799 1741 ὅτ’
820 1672 1040 1755 ἐπταίσαμεν,
1064 1667 1297 1758 συμπάθειαν.
1333 1668 1477 1758 ’Ἑχομεν

307 1774 372 1862 γὰρ
411 1767 528 1851 αὐταῖς
565 1789 745 1862 μαρτυρεῖν
775 1825 912 1840 .....
942 1776 1085 1854 συνεχῶς
1120 1798 1157 1840 τε
1185 1781 1478 1862 παραγινομέναις

309 1874 398 1963 πρός
426 1870 516 1960 ἡμᾶς
543 1880 600 1944 καὶ
629 1880 959 1963 παραμυθουμέναις
994 1874 1056 1953 τὰς
1085 1873 1264 1962 συμφορὰς
1293 1872 1388 1963 ἡμῶν
1417 1881 1477 1945 καὶ

309 1975 562 2063 συναλγούσαις.
607 1979 698 2060 Quos
713 1979 879 2048 Plutarchi
903 1986 935 2046 et
957 1980 1109 2064 Dionysii
1131 1981 1220 2052 looos
1242 1982 1354 2064 aliquo
1376 1981 1477 2050 modo

308 2084 450 2148 intereo
473 2100 615 2149 conexos
638 2102 710 2150 esse
733 2084 797 2165 ita,
826 2089 863 2148 ut
890 2091 946 2148 aut
975 2101 1017 2148 ex
1046 2101 1110 2147 nno
1133 2081 1316 2166 eodemque
1339 2085 1476 2150 invento

309 2185 468 2268 originem
497 2184 655 2250 traxerint
684 2191 740 2250 ant
769 2185 854 2250 alter
882 2203 924 2250 ex
946 2184 1050 2251 altero
1073 2183 1231 2251 deductus
1254 2185 1308 2268 sit,
1331 2205 1395 2250 non
1418 2205 1475 2251 ne-

308 2287 472 2372 gaverim3
496 2284 705 2353 Plutarchum
727 2292 836 2352 autem
860 2305 902 2351 ex
918 2285 1077 2369 Dionysio
1101 2305 1161 2352 sua
1175 2287 1353 2370 sumpsisse
1375 2307 1474 2371 nego,

309 2409 350 2456 ea
371 2386 577 2472 potissimum
600 2407 716 2471 cansa,
740 2389 818 2472 quia
840 2406 923 2471 quae
953 2387 1060 2471 apnd
1090 2387 1278 2455 Cassium
1304 2389 1478 2456 Dionem

309 2492 359 2570 (ir.
378 2494 428 2576 17,
445 2493 463 2552 7
480 2489 615 2566 blelber)
632 2489 673 2554 de
694 2489 757 2555 hac
779 2509 814 2555 re
836 2489 996 2572 leguntur,
1020 2509 1216 2573 quamquam
1241 2510 1284 2558 ex
1297 2491 1477 2559 Plutarcho

309 2594 413 2677 petita
436 2611 507 2658 esse
530 2610 593 2657 non
616 2597 769 2675 possunt,
790 2591 919 2656 multo
949 2597 1084 2657 tamen
1113 2593 1286 2675 propius
1309 2593 1359 2658 ad
1382 2593 1477 2658 Plu·

309 2693 446 2761 tarchi
479 2691 695 2775 accedunt,
732 2713 849 2776 quam
878 2692 927 2758 ad
957 2693 1152 2776 Dionysii
1183 2696 1477 2762 narrationem.

309 2796 408 2864 Redit
430 2795 517 2861 enim
540 2794 629 2877 apud
652 2795 810 2877 Dionem,
839 2813 1036 2878 quamquam
1057 2814 1099 2860 ne
1121 2794 1210 2878 apud
1234 2794 1319 2862 hunc
1341 2798 1478 2881 quidem

311 2897 428 2964 eodem
457 2897 652 2963 narrationis
681 2898 772 2978 loco,
801 2916 865 2980 quo
886 2895 974 2979 apud
997 2895 1222 2978 Plutarchum,
1246 2897 1306 2963 scd
1328 2918 1388 2983 eo,
1412 2920 1478 2983 qno

310 3000 398 3082 apud
423 2997 619 3080 Dionysium
647 2999 768 3064 similia
791 3003 935 3080 exstant,
965 3005 998 3063 et
1021 2998 1135 3064 eadem
1158 2999 1339 3066 sententiae
1361 2999 1478 3086 figura,
1585 3033 1586 3067 2

312 3121 378 3184 qua
399 3101 507 3185 patria
529 3105 696 3182 tamquam
711 3120 851 3184 persona
866 3099 1037 3182 inducitur,
1062 3107 1094 3166 et
1107 3101 1258 3166 similiter
1272 3107 1372 3184 atque
1387 3101 1478 3186 apud

309 3201 519 3268 Plutarchum
550 3200 613 3268 hcc
641 3203 799 3284 premitur
830 3201 1001 3268 Coriolano
1031 3201 1231 3268 necessarios
1271 3203 1358 3268 tradi
1386 3204 1479 3270 nulla

309 3303 374 3370 fide
403 3303 482 3370 data
508 3303 600 3368 illum
626 3303 782 3370 Romanis
811 3305 932 3388 gratias
960 3305 1137 3370 relaturum
1165 3322 1249 3369 esre.
1294 3303 1371 3388 Ipse
1401 3325 1478 3373 eon·

310 3407 396 3472 ieras
419 3424 541 3488 quaeso
564 3406 602 3469 ir.
629 3409 679 3487 17,
703 3409 739 3470 7:
759 3395 833 3469 ‘or’rx
855 3395 1138 3491 ηὐτομολήκαμεν,
1162 3395 1232 3468 ἀλλ’
1259 3398 1348 3488 ἡμᾶς
1369 3399 1479 3482 ἡπα-

311 3507 384 3590 τρὶς
412 3505 547 3588 ἔπεμψέ
577 3526 649 3584 σοι,
680 3504 710 3570 εἰ
739 3505 800 3588 μὲν
829 3509 988 3582 πείθοιο,
1018 3510 1145 3593 μητέρα
1173 3507 1230 3570 καὶ
1259 3518 1398 3591 γυναῖκα
1421 3508 1479 3572 καὶ

312 3610 419 3682 τέκνα,
444 3605 480 3672 εἰ
504 3606 546 3672 δὲ
568 3604 639 3694 μὴ,
663 3604 830 3693 λάφυρα
851 3599 929 3672 aab?

401 3709 492 3793 Gap.
524 3713 571 3776 34
598 3717 816 3777 matronarum
846 3712 1062 3778 Romanarum
1091 3733 1164 3780 oum
1191 3712 1304 3778 liberis
1327 3713 1361 3776 in
1383 3711 1479 3778 Vols·

314 3831 424 3878 corum
439 3818 545 3878 castra
564 3812 723 3879 adventus
746 3811 944 3898 depingitur.
981 3812 1072 3892 Quae
1095 3834 1169 3881 oum
1191 3831 1251 3896 per
1273 3812 1414 3881 tentoria
1435 3814 1481 3880 ad

312 3913 469 3978 Marcium
485 3921 570 3998 eant,
592 3908 713 4002 ἡὸψις
732 3907 842 3978 αὐτῶν
864 3912 942 3979 τότε
966 3912 1101 3999 οἰκτρὰν
1123 3916 1179 3980 καὶ
1201 3926 1274 3990 τοῖς
1297 3914 1482 3996 πολεμίοις

313 4012 509 4100 ἐνεποίησεν
518 4012 605 4080 αἰδῶ
611 4013 917 4101 καὶσιωπήνᾙοεο
925 4036 1003 4083 sane
1011 4016 1481 4102 cogitaripossuntexornandi

239 4179 241 4184 .
312 4137 413 4186 causa
429 4117 470 4183 ab
486 4117 560 4200 ipso
576 4115 752 4184 Plutarcho
768 4117 965 4201 amplificata
980 4137 1052 4186 csse
1068 4137 1110 4184 ex
1126 4120 1184 4202 eis,
1200 4139 1284 4202 quae
1300 4120 1483 4203 Dionysius
1583 4157 1584 4190 r
