3198 4974
780 1183 925 1251 OAPUT
948 1183 989 1248 II.

387 1355 558 1440 Sequitur,
581 1361 625 1439 ut,
649 1354 684 1421 id
707 1352 913 1438 quodmodo
936 1351 1080 1436 promisi,
1104 1349 1145 1416 de
1168 1350 1235 1415 alia
1257 1348 1399 1432 quadam
1422 1350 1470 1414 in·

301 1457 452 1541 quirendi
480 1457 514 1522 in
536 1456 686 1540 Dionysii
708 1461 856 1523 auctores
878 1455 1003 1521 ratione
1025 1451 1148 1534 dicam,
1176 1451 1367 1517 iamdudum
1390 1452 1471 1518 viris

302 1558 406 1626 doctis
430 1560 560 1642 cognita
581 1578 643 1624 nec
665 1577 729 1624 non
751 1556 914 1624 adhibita:

468 1775 528 1853 Dc
549 1773 746 1880 Plutarchi
759 1773 800 1850 P.
827 1743 968 1850 Volero·
982 1771 1198 1850 Rtblc'colcc
1221 1773 1304 1848 octo.

395 1929 499 2009 Quam
537 1933 677 2016 primus,
722 1936 876 2013 quantum
920 1927 1035 2008 video,
1075 1927 1394 2010 Kiesslingius¹i
1429 1947 1472 1992 ex

302 2033 462 2100 Valerii
491 2032 670 2098 Antiatis
703 2031 924 2097 annalibus
959 2029 1145 2095 haustam
1176 2047 1266 2094 esse
1295 2027 1471 2095 contendit.

303 2136 440 2202 Aecum
456 2134 632 2218 plerique²t
649 2135 680 2200 ei
695 2135 918 2213 mansissent,
935 2131 997 2197 Ad.
1011 2129 1209 2196 Schmidtius
1225 2131 1407 2214 suspicatus
1424 2139 1473 2197 est

304 2244 337 2303 et
358 2256 461 2322 nuper
475 2236 636 2312 Korber³i
659 2236 858 2318 argumentis
880 2235 1021 2318 probare
1043 2230 1165 2298 studuit
1180 2231 1390 2297 Plutarchum
1412 2251 1473 2299 sua

303 2359 367 2405 non
391 2339 454 2422 ipsi
478 2338 618 2417 Antiati,
642 2337 700 2404 sed
724 2337 848 2402 Iubae
871 2336 959 2418 regi
983 2334 1113 2409 debere,
1137 2333 1195 2400 sed
1217 2353 1258 2399 ne
1281 2331 1315 2397 hi
1339 2333 1474 2417 quidem

300 2449 421 2524 negant
442 2441 632 2524 primarium
654 2439 778 2506 fontem
799 2436 900 2504 fuisse
916 2437 1057 2502 Antiatis
1080 2437 1254 2511 annalesa)
1290 2435 1361 2502 Nec
1384 2437 1471 2518 quis·

301 2563 398 2626 quam
421 2542 456 2607 id
478 2543 548 2608 iure
571 2547 679 2625 potest
694 2559 826 2624 negare.
863 2539 949 2604 Nam
973 2538 1161 2605 certissimis
1185 2557 1226 2602 ex
1242 2537 1372 2604 indiciis
1396 2537 1473 2603 Plu-

301 2643 405 2711 tarchi
427 2645 569 2710 narratio
593 2643 770 2709 Valeriana
793 2660 864 2708 esse
886 2641 1091 2724 perspicitur.
1586 2711 1587 2720 χ

388 2743 479 2823 Quae
495 2751 531 2809 ut
544 2746 658 2828 paucis
674 2751 830 2828 repetam,
854 2762 1013 2809 summurn
1029 2743 1187 2826 imprimis
1205 2742 1304 2807 enitet
1325 2739 1473 2808 familiae
1586 2745 1587 2748 ’

302 2847 498 2914 Valerianae
521 2845 680 2927 studium,
709 2845 744 2910 id
768 2843 854 2928 quod
878 2845 1021 2910 maxime
1043 2845 1249 2927 perspicuum
1272 2843 1308 2909 fit
1329 2845 1418 2910 Livii
1442 2853 1474 2910 et

302 2949 453 3032 Dionysii
487 2946 529 3012 de
560 2947 684 3013 eisdem
713 2947 809 3012 rebus
838 2946 1039 3012 narrationes
1069 2946 1279 3028 comparanti.
1324 2947 1355 3012 Is
1386 2949 1474 3012 enim

303 3052 477 3128 cognoscet
504 3068 568 3114 non
598 3049 702 3115 solum
725 3049 875 3114 Valerios
904 3048 1036 3114 summis
1063 3047 1213 3112 laudibus
1236 3056 1382 3128 ornatos,
1414 3048 1474 3115 sed

303 3149 401 3215 etiam
424 3149 498 3231 plus
522 3149 624 3214 semel
647 3150 742 3216 rebus
766 3157 878 3233 aperte
900 3147 984 3215 fictis
1007 3149 1145 3231 gloriam
1169 3149 1375 3216 Valeriauam
1401 3169 1473 3218 esse
1586 3161 1587 3170 ’

302 3257 440 3317 auctam.
490 3249 628 3316 Accedit
657 3251 745 3334 quod
774 3253 899 3317 numeri
928 3251 961 3315 in
989 3251 1103 3332 ingens
1126 3253 1212 3318 aucti
1234 3259 1291 3317 aut
1312 3252 1475 3320 subtiliter

305 3353 498 3435 computati,
529 3371 609 3433 quos
634 3352 798 3419 Valerium
823 3353 987 3426 Antiatem
1016 3351 1186 3419 adamasse
1216 3352 1353 3419 aLivio
1380 3374 1473 3422 acce·

393 3537 417 3599 1)
435 3533 477 3586 De
495 3533 577 3588 Dion.
596 3535 659 3590 Hal.
679 3535 839 3591 auctoribus
856 3535 949 3590 latinis
967 3552 996 3604 p.
1010 3539 1042 3590 20
1053 3551 1111 3606 sqq.

391 3621 416 3676 tt
436 3617 511 3671 Inter
533 3633 602 3687 quos
628 3619 711 3674 etiam
733 3620 767 3674 H.
786 3619 882 3686 Peter,
901 3613 966 3674 ‘Die
984 3620 1098 3689 Quellen
1116 3621 1261 3676 Plutarchs
1284 3621 1314 3675 in
1336 3621 1389 3676 den
1407 3622 1475 3678 Bio-

304 3701 452 3771 graphieen
470 3700 519 3756 der
530 3696 644 3757 Romer’
663 3720 691 3774 p.
705 3708 737 3758 45
748 3720 807 3773 sqq.
819 3735 853 3744 -
867 3705 908 3760 Ol.
921 3712 1065 3775 praeterea
1076 3706 1200 3772 Munuer,
1218 3705 1252 3760 de
1269 3711 1350 3773 genta
1362 3706 1476 3763 Valeria
1586 3695 1587 3768 ᾗ

303 3803 330 3856 p.
346 3793 377 3841 55
389 3803 431 3856 sq.
1586 3793 1587 3850 i

393 3875 418 3937 3)
437 3871 476 3926 Μ,
489 3869 606 3939 Korber,
626 3873 659 3927 de
671 3871 792 3927 fontibus
804 3872 946 3928 Plutarchi
958 3875 985 3928 in
1004 3875 1065 3930 vitis
1077 3875 1270 3931 Romanorum.
1293 3876 1476 3932 Commentat.
1586 3857 1587 3928 Ϊ

303 3955 325 4010 Ι.
344 3953 434 4010 Berol.
451 3959 524 4010 1885.
1586 3951 1587 3978 ¹

389 4044 415 4107 4)
434 4041 451 4094 l.
466 4041 483 4093 l.
502 4055 531 4108 p.
545 4043 588 4094 21.
