3170 4984
273 370 335 432 268
748 370 813 426 orto
831 370 959 430 emurch

272 544 420 629 suspicor
441 543 571 614 Livium
599 544 654 613 uvi
682 544 815 614 nominc
842 543 1009 615 inductum
1040 563 1181 628 emerso,
1208 545 1301 618 illum
1329 550 1438 618 eutem

270 636 322 712 M?
341 645 506 716 Valerium
528 645 571 714 tl.
598 644 700 715 filium
723 645 794 712 Vol.
817 651 968 730 nepotem
990 647 1109 716 rectius
1131 666 1191 730 pro
1213 644 1345 714 fratre
1367 666 1437 730 pe*

270 746 401 816 trueli
423 747 459 814 P.
475 746 634 816 Valerii
649 746 894 816 Publicolae
916 767 1013 830 quoru
1029 767 1090 832 pro
1104 747 1211 814 frutrio
1227 747 1294 818 filio
1312 747 1436 819 heberi.

269 851 418 935 Apparet
439 848 525 918 euim
548 867 591 917 ex
614 849 700 920 Plut·
721 847 814 916 Publ.
840 852 854 912 1
881 853 914 914 ct
935 849 1031 918 Dior.
1054 849 1086 916 Π
1109 852 1164 933 46;
1188 849 1217 916 V
1242 851 1316 926 121)
1341 850 1436 916 Vole-

270 953 355 1020 rium
376 951 541 1024 Antiatem
565 950 709 1022 familiae
733 950 929 1020 Valericuae
953 951 1143 1020 memoriam
1166 970 1208 1020 ox
1237 952 1437 1036 temporibus

270 1053 402 1122 Romuli
431 1057 465 1120 et
486 1051 525 1118 Τ.
544 1051 632 1121 'latii
660 1052 872 1136 repetivisse,
901 1069 1007 1135 neque
1037 1053 1133 1122 alitor
1161 1052 1438 1137 interpretandum

271 1161 330 1238 ert,
354 1153 443 1238 quod
458 1153 635 1238 Dionysius
658 1173 786 1238 semper
802 1153 1004 1224 Publicolam
1027 1174 1092 1222 uon
1108 1153 1220 1222 Volesi
1242 1155 1379 1228 lilium
1402 1159 1438 1225 ut

269 1256 394 1340 Liuius,
417 1254 477 1325 sed
497 1246 713 1328 Οὐολούσσου
736 1246 951 1339 ἀπόγονον
973 1254 1063 1324 dicit.
1099 1255 1215 1339 Itaque
1231 1255 1437 1339 crediderim

270 1359 299 1426 ui
314 1357 500 1430 coniectura
515 1359 669 1442 augurari
683 1358 769 1439 licet,
793 1357 860 1428 telo
874 1357 943 1424 fere
958 1357 1103 1425 familiae
1119 1363 1257 1432 stemma
1272 1357 1438 1428 Antiatem

269 1459 332 1528 ribi
354 1458 501 1532 fluxium

784 1545 925 1614 Voluous
946 1543 1164 1624 (evolemus),
1186 1544 1243 1630 qui
1264 1544 1381 1613 suimet

856 1627 864 1669 ²
1011 1629 1140 1694 Romuli
1161 1631 1324 1714 aequalis3

622 2254 761 2326 volesus
945 2256 1074 2330 Marcus

355 2441 391 2510 P.
409 2443 558 2514 Valerius
574 2443 646 2511 Vol.
663 2444 685 2510 f.
703 2443 775 2510 Vol.
791 2463 822 2510 rr.
888 2435 939 2509 M?
955 2338 1104 2518 VoleNrius
1120 2444 1161 2508 M.
1178 2444 1200 2510 f.
1217 2443 1289 2510 Vol.
1306 2464 1337 2509 u.

497 2529 680 2599 Publicola.
888 2529 1431 2612 l==Liv.II18,6otDiou.V64,1

877 2637 880 2642 ·
1026 2615 1303 2698 circatores).

356 2714 448 2794 Quae
477 2717 616 2783 sirecte
639 2723 713 2782 suut
735 2715 897 2797 divinata,
921 2715 1072 2799 efficitur,
1095 2723 1148 2799 ut,
1170 2736 1211 2782 ue
1233 2716 1322 2783 idem
1347 2717 1437 2801 quod

268 2818 365 2885 Livio
389 2819 487 2884 etium
502 2818 663 2902 Dionysio
689 2818 817 2883 crimini
833 2817 958 2900 demus,
980 2819 1013 2884 in
1030 2817 1179 2884 coricum
1202 2818 1342 2885 lectione
1356 2839 1434 2886 uon-

269 2920 346 2987 (lum
367 2919 641 3003 acquiescendum
663 2920 714 2986 cit.
759 2919 857 2986 Adde
880 2919 967 3002 quod
989 2921 1125 2987 verbum
1148 2910 1298 3005 ἀδελφοῦ
1323 2941 1434 3004 quum-

268 3041 383 3106 quam,
406 3028 561 3088 utronno
584 3022 703 3105 aliquio
726 3039 840 3088 seusus
863 3021 1028 3104 eliciatur,
1051 3021 1244 3105 simpliciter
1265 3024 1346 3090 reici
1368 3043 1434 3090 uon

267 3124 382 3207 debet,
412 3129 519 3189 tumen
547 3124 702 3206 quoniam
731 3123 774 3188 ob
803 3123 934 3206 optimis
960 3123 1128 3190 codicibus
1156 3143 1222 3189 uon
1251 3123 1433 3207 exhibetur,

266 3233 380 3312 aperte
402 3226 589 3292 coniectura
610 3225 644 3291 in
664 3225 828 3291 nonnullis
844 3224 1059 3291 deterioribus
1074 3224 1222 3291 additum
1245 3235 1304 3294 eet.
1341 3225 1433 3304 Quae

268 3349 341 3397 oum
363 3329 410 3393 itu
433 3327 507 3409 siut,
529 3326 640 3393 nereio
663 3347 705 3392 uu
727 3347 792 3393 uon
814 3326 913 3393 uimio
931 3325 1130 3394 confidenter
1152 3326 1307 3394 audeam:
1327 3319 1431 3392 ‘Mt'-

267 3451 357 3505 νιος
384 3419 579 3510 Οὐαλέριος,
601 3424 677 3504 υἱὸς
698 3421 875 3512 Μάρκου
899 3419 1095 3512 Οὐαλερίου,
1117 3419 1337 3514 (ἀνεψιὸς)
1358 3425 1433 3506 ἑνὸς

266 3533 333 3596 τῶν
355 3527 614 3594 καταλυσάντων
636 3525 697 3616 τὴν
718 3527 900 3615 τυραννλὸα
922 3529 1109 3611 (Ποπλίου,
1140 3529 1227 3613 quod
1254 3531 1367 3598 dubito
1390 3551 1432 3598 au

268 3635 387 3702 rectius
404 3631 564 3699 cum-cod.
581 3631 731 3700 Urbiuati
747 3634 924 3708 omittatur}
939 3633 1000 3695 τοῦ
1014 3631 1198 3717 κληθέντος
1219 3629 1276 3698 διὰ
1298 3629 1359 3720 τὴν
1383 3631 1432 3710 εἷς

266 3732 306 3801 τὸ
332 3729 512 3822 δημοτικὸν
535 3725 666 3798 ε”ύνοιαν
684 3723 905 3799 nanteolo?
945 3734 1105 3800 Attendite
1125 3753 1254 3819 queque
1275 3734 1432 3802 facillime

266 3837 337 3905 fleri
359 3837 519 3921 potuisse,
547 3841 583 3901 ut
603 3836 826 3901 ΑΝΕΨΙΟΣ
846 3837 930 3901 iuter
957 3835 1233 3902 ΟΥΑΛΕΡΙΟΣ
1253 3845 1286 3905 ct
1308 3839 1435 3902 ΕΝΟΣ

268 3939 485 4006 intercideret

356 4075 381 4140 t)
400 4071 441 4126 cl.
460 4069 621 4126 Mttuuorum
639 4069 666 4126 (l.
684 4075 764 4138 gente
780 4068 842 4124 Vol.
860 4085 888 4138 p.
902 4073 927 4125 9.
