3318 4970
312 384 353 442 60
739 378 880 447 Augustus
897 379 1051 434 Jdnemann

403 554 531 622 Deinde
545 555 579 619 in
594 553 770 620 Germania
784 553 949 634 superiore
964 552 1038 635 plus
1053 572 1148 635 quam
1164 557 1315 635 quattuor
1329 553 1474 636 legiones

313 679 398 725 anno
422 660 472 722 89.
503 661 647 722 moratae
675 660 758 738 sunt,
793 674 856 738 quo
889 674 974 721 anno
1002 655 1046 720 ad
1075 655 1251 721 exercitum
1284 656 1472 738 provinciae

313 761 461 843 legiones
483 759 693 842 Hispanicae,
721 763 757 823 ut
787 776 886 840 supra
907 757 1126 840 exposuimus,
1149 755 1357 838 accedebant,
1379 759 1471 824 nlmi-

313 883 384 928 rum
416 861 562 943 legiones
590 859 615 924 I.
639 858 789 925 Adiutrix
822 864 855 924 et
883 857 952 924 VII.
976 857 1122 924 Gemina.
1167 859 1250 925 Tum
1284 859 1382 942 igitur
1414 860 1473 925 ali·

314 963 469 1047 quamdiu
499 961 543 1029 ad
571 961 769 1045 superiorem
792 959 939 1027 Rhenum
968 979 1027 1028 sex
1055 961 1201 1045 legiones
1225 961 1402 1027 collocatae
1424 961 1472 1026 fu·

314 1071 415 1133 erunt.
461 1063 604 1142 Quarum
638 1083 680 1129 ex
712 1083 846 1128 numero
879 1082 951 1129 cum
984 1063 1071 1145 legio
1103 1063 1174 1128 Vll.
1204 1063 1343 1130 Gemina
1376 1064 1472 1146 paulo

315 1173 392 1250 post
419 1168 451 1232 in
480 1166 673 1250 Hispaniam
703 1165 840 1231 remissa
872 1165 922 1246 sit,
952 1165 1094 1248 quinque
1124 1164 1170 1230 ibi
1192 1165 1338 1246 legiones
1370 1183 1472 1230 rema·

314 1269 447 1334 nebant:
471 1269 496 1334 I.
513 1266 676 1350 Adiutrix,
698 1266 786 1332 VIII.
802 1267 958 1348 Auguste,
974 1265 1197 1352 XI.,Glaudia,
1219 1267 1307 1334 XIV.
1324 1265 1471 1351 Gemina,

313 1371 403 1436 XXI.
427 1372 551 1453 Rapax.
1369 1395 1373 1406 ·

399 1471 494 1550 Quod
528 1491 599 1551 eum
630 1469 762 1536 easdem
796 1471 942 1554 legiones
971 1472 1004 1535 in
1033 1470 1084 1536 his
1112 1471 1230 1553 tegulis
1259 1471 1472 1557 inveniamus,

315 1594 370 1640 eas
393 1594 477 1640 anno
500 1575 551 1638 89.
574 1571 795 1638 attribuendas
825 1591 897 1638 esse
925 1573 1037 1656 negari
1065 1573 1123 1638 vix
1145 1579 1261 1656 potest,
1283 1575 1473 1657 praesertim

313 1698 386 1744 cum
415 1695 454 1742 eo
482 1675 588 1758 spatio
610 1674 765 1756 temporis
793 1693 849 1741 eas
871 1679 979 1741 coctas
1008 1695 1079 1742 esse
1102 1676 1248 1742 conicere
1270 1676 1378 1758 liceat,
1407 1695 1471 1759 quo

313 1779 472 1846 seditione
486 1777 619 1842 Antonii
642 1789 826 1858 compressa
839 1776 961 1842 bellum
983 1778 1016 1842 in
1032 1775 1165 1843 (lhattos
1187 1777 1375 1844 translatum
1392 1784 1471 1844 erat.

314 1879 370 1946 Sic
398 1878 557 1961 convenit,
586 1883 619 1942 et
645 1877 733 1960 quod
761 1878 827 1942 iam
856 1879 994 1961 legionis
1016 1879 1041 1944 I.
1063 1877 1239 1946 Adiutricis
1268 1880 1367 1963 paulo
1396 1885 1472 1946 ante

315 2001 356 2048 ex
389 1979 548 2063 Hispania
580 1978 741 2046 adductae
773 1980 942 2046 vexillatio
976 2000 1048 2048 cum
1080 1981 1264 2062 legionibus
1297 1981 1383 2048 VIII.
1413 1983 1472 2048 XI.

315 2083 402 2149 XIV.
426 2082 517 2148 XXI.
541 2083 711 2148 coniuncta
732 2087 878 2164 apparet,
902 2088 934 2147 et
956 2082 1043 2165 quod
1064 2083 1209 2166 legiones
1231 2083 1318 2148 XIV.
1335 2083 1474 2151 Gemina

315 2193 348 2252 et
369 2185 460 2250 XXI.
482 2184 609 2267 Rapax,
643 2203 722 2266 quas
751 2184 839 2250 bello
868 2181 1060 2250 Germanico
1087 2191 1219 2268 peracto
1247 2187 1281 2251 in
1307 2186 1473 2270 Illyricum

316 2293 440 2354 amotas
465 2305 536 2354 esse
558 2285 849 2367 comprobavimus,
871 2305 936 2351 non
958 2285 1191 2352 desiderantur.

401 2391 574 2456 Praeterea
602 2388 688 2452 aliae
717 2387 846 2469 tegulae
874 2386 925 2453 his
954 2388 1033 2472 ipsis
1061 2389 1142 2454 locis
1164 2393 1311 2473 repertae
1334 2397 1473 2474 exstant,

315 2493 432 2577 quibus
461 2490 589 2572 legione
616 2490 642 2555 I.
666 2489 785 2554 omissa
814 2495 964 2571 quattuor
996 2490 1141 2573 legiones
1173 2499 1472 2559 commemorantur.

315 2595 465 2673 Quaeres
477 2598 562 2658 uteo
575 2592 764 2675 explicatur,
779 2589 866 2673 quod
878 2591 954 2657 illae
966 2591 1193 2658 vexillationee
1204 2598 1278 2658 ante
1289 2613 1409 2659 annum
1421 2597 1471 2662 89.

316 2696 466 2762 videntur
495 2696 615 2760 missae
642 2711 724 2775 esse,
758 2692 806 2757 sio
837 2701 978 2760 nostram
1011 2695 1212 2777 sententiam,
1246 2714 1343 2778 quarn
1376 2717 1474 2782 supra

315 2798 521 2882 protulimus,
555 2815 657 2878 usque
690 2793 734 2859 ad
766 2815 868 2861 annos
895 2796 1010 2876 88l89.
1041 2797 1074 2860 in
1102 2795 1278 2862 Germania
1306 2801 1472 2882 superlore

317 2898 494 2965 tetendisse
508 2898 654 2980 legiones
666 2895 751 2961 VIII.
764 2898 821 2963 XI.
835 2899 922 2966 XIV.
935 2899 1025 2965 XXI.
1041 2897 1280 2982 quodammodo
1296 2899 1472 2968 confirmat.

403 2999 495 3078 Quae
522 3006 630 3065 tamen
660 3019 758 3066 causa
785 3000 891 3082 fuerit,
922 3021 978 3068 cur
1006 3001 1232 3068 vexillationes
1254 3000 1417 3083 legionum
1440 3004 1472 3070 in

316 3103 491 3172 Germania
512 3102 679 3186 superiore
701 3102 900 3169 tendentium
927 3104 961 3168 in
983 3109 1144 3170 extremos
1172 3101 1253 3168 fines
1274 3104 1472 3188 provinciae,

316 3208 440 3273 vicinos
456 3202 584 3269 Galliae
598 3201 833 3286 Lugdunensis,
856 3204 1057 3287 ducerentur,
1080 3225 1152 3270 cum
1174 3205 1339 3288 explicare
1354 3225 1473 3289 neque-

316 3329 417 3392 amus,
440 3306 476 3372 id
497 3312 620 3371 tantum
636 3305 840 3372 statuendum
856 3312 905 3373 est
919 3307 966 3372 ibi
980 3305 1131 3373 aedificia
1145 3305 1306 3390 quaedam
1321 3307 1475 3375 militaria

317 3416 480 3477 exstructa
507 3409 656 3492 fuisse¹);
686 3406 722 3473 id
750 3406 838 3492 quod
867 3427 906 3474 eo
936 3409 1005 3474 veri
1028 3409 1164 3475 similius
1186 3407 1231 3490 111,
1261 3426 1334 3474 cum
1357 3407 1474 3476 iisdem

321 3631 466 3695 postquam
483 3624 553 3692 legio
565 3624 656 3680 XIIII.
675 3625 704 3678 111
717 3625 888 3681 Germaniam
905 3626 1070 3695 superlorem
1087 3624 1206 3680 abducta
1222 3629 1273 3685 est.
1290 3625 1351 3679 illas
1368 3628 1474 3695 tegulas

318 3710 466 3765 attribuere
482 3709 531 3774 vis,
550 3725 584 3764 ne
601 3712 659 3764 tum
672 3710 779 3779 quidem
791 3714 883 3779 potest
894 3711 1031 3765 vexillatio
1043 3710 1156 3780 legionis
1168 3707 1243 3763 XXI.
1256 3708 1385 3778 Rapacis,
1403 3726 1474 3781 quae

318 3797 348 3849 in
366 3793 513 3849 Germania
541 3792 672 3848 Inferiore
692 3793 756 3848 belli
778 3795 872 3849 labore
894 3801 1027 3864 occupata
1048 3801 1120 3860 erat,
1144 3795 1289 3850 coniuncta
1310 3794 1395 3849 fnisse
1412 3811 1474 3850 cum

318 3879 468 3948 leglenibns
480 3877 554 3932 Vlll.
573 3877 621 3931 XI.
640 3877 739 3947 xull,
758 3894 828 3949 quaa
845 3895 938 3936 omnes
952 3879 987 3934 ad
1005 3881 1169 3950 superiorem
1182 3879 1308 3935 Rhenum
1320 3880 1371 3935 sub
1384 3881 1474 3934 Annio

319 3964 397 4019 Gallo
414 3965 502 4018 arant.

407 4051 431 4112 1)
450 4047 580 4104 Fortasse
597 4053 655 4101 tum
672 4048 725 4103 illis
742 4047 811 4103 locis
828 4049 959 4103 stationes
977 4047 1019 4102 sel
1036 4049 1136 4102 horrea
1153 4046 1340 4116 erigebantur3
1358 4047 1476 4104 fortasse

322 4132 462 4202 legionarii
486 4131 685 4188 adhibebantur
709 4133 745 4188 ad
768 4133 839 4188 viam
859 4132 996 4201 publicam
1019 4132 1192 4188 muniendum
1208 4133 1250 4188 111
1271 4133 1474 4200 restituendam,
