3170 4984
246 385 288 438 De
304 383 427 439 fontibus
444 381 572 452 Dionysii
589 381 841 437 Halicarnassensis
859 381 1032 452 quaestiones
1050 381 1151 437 variae.
1217 373 1279 439 263

117 555 187 626 nari
209 556 362 641 concedo,
383 561 420 623 ut
440 557 538 622 facile
559 554 742 639 legentibus
757 554 897 620 Antiatis
918 555 1059 622 auctoris
1080 557 1114 621 in
1136 558 1277 620 mentem

117 661 236 743 veniat,
259 666 367 726 tamen
382 657 556 725 Virckio
569 659 590 734 ¹)
605 657 755 724 assentiri
769 675 834 722 non
855 677 988 741 possum
1004 658 1169 724 Antiatem
1192 653 1277 720 hunc

118 765 224 830 locnnr
259 762 353 827 Livio
387 760 648 840 subministrasse
681 778 741 842 pro
779 760 958 826 certissimo
991 758 1135 825 babenti.
1194 753 1280 821 Narn

117 882 328 949 quaecunque
358 869 391 929 et
420 881 462 928 ex
491 858 658 927 Plutarchi
686 860 778 926 brevi
808 862 967 927 relatione
995 867 1029 927 et
1058 880 1100 927 ex
1129 858 1280 941 Dionysii

117 968 191 1032 tusa
219 965 401 1031 narratione
429 964 463 1028 in
485 963 625 1029 Antiatis
655 962 747 1028 libris
777 963 878 1029 fuisse
900 963 1112 1047 cognovimus
1134 961 1189 1028 val
1211 979 1279 1026 sns-

117 1059 219 1152 picati
247 1085 373 1146 sumus,
404 1083 515 1131 eorum
544 1062 633 1148 apud
661 1065 792 1130 Livium
822 1083 884 1130 neo
911 1065 989 1131 vola
1015 1083 1077 1130 nec
1105 1061 1279 1144 vestigium

116 1170 299 1254 apparet.²)
343 1165 477 1246 Quare
499 1166 660 1250 Livius,
684 1167 717 1232 si
739 1167 856 1232 modo
876 1165 991 1248 1131,
1017 1169 1282 1230 1—3revera
1347 1219 1350 1226 .

117 1271 465 1351 Valerianasont‚
489 1268 1085 1352 etquaeanteceduntetquae
1107 1283 1280 1349 sequun-

117 1381 183 1438 tur
217 1373 353 1439 omnia
385 1372 474 1437 iere
507 1376 641 1434 tamen
670 1389 718 1435 ex
744 1370 842 1436 aliis
872 1369 1062 1437 fontibus
1091 1367 1282 1433 hausisse
1327 1418 1329 1423 .

116 1473 326 1560 putandus
355 1479 425 1540 est.
470 1473 519 1537 Ac
544 1472 689 1554 profecto
712 1472 923 1555 complurium
946 1473 1083 1538 fontium
1105 1468 1229 1536 indicia
1250 1471 1283 1532 et

116 1575 303 1643 Nituschias
319 1581 351 1642 et
364 1575 482 1641 (ilason
498 1579 530 1639 et
542 1573 700 1639 Volkmar
714 1573 803 1656 apud
819 1574 949 1639 Livium
964 1573 1126 1657 reperisse
1140 1570 1203 1638 sibi
1218 1567 1281 1634 visi

118 1684 192 1745 sunt
208 1684 243 1744 et
256 1676 344 1761 apud
357 1676 550 1760 Dionysium
563 1693 692 1758 quoque
703 1673 854 1741 videntur
870 1675 1022 1758 cognosci
1032 1677 1167 1758 persei)
1190 1671 1282 1751 Quae

118 1797 316 1863 quamquam
331 1798 437 1862 neque
453 1777 562 1843 omnia
576 1776 680 1862 probo
695 1796 802 1860 nequo
824 1777 933 1842 omnia
953 1797 1019 1844 uon
1041 1776 1149 1859 credo,
1172 1780 1282 1842 tamen

117 1902 202 1948 nunc
233 1881 293 1947 has
321 1900 374 1947 res
406 1879 624 1963 obscuriores,
647 1885 684 1943 ot
704 1877 849 1962 videtur,
878 1897 976 1962 quam
998 1884 1033 1944 nt
1055 1878 1135 1945 certi
1157 1873 1283 1959 aliquid

118 1983 284 2050 enucleari
305 1982 418 2068 possit,
440 1983 570 2047 mittere
591 1982 698 2046 liceat.

206 2084 252 2151 Ut
266 2090 384 2168 autem,
407 2083 496 2167 qnod
518 2082 636 2149 certios
659 2081 701 2148 de
724 2081 786 2149 hac
801 2083 952 2166 Dionysii
973 2086 1066 2167 parto
1089 2081 1283 2165 cognovisse

118 2187 200 2252 mihi
224 2184 350 2270 videor,
373 2191 535 2268 repetam,
559 2203 712 2251 censeo
739 2192 950 2250 auctorem
979 2183 1179 2267 quendam
1212 2184 1283 2247 im·

118 2289 263 2372 primis
292 2287 477 2369 subesse,
507 2287 590 2369 qui,
620 2287 701 2352 etsi
732 2306 805 2352 non
827 2286 1015 2352 Licinius
1030 2285 1109 2350 init
1130 2285 1283 2368 Macer,

119 2389 328 2457 Valerium
356 2388 567 2453 Antiatem
599 2391 712 2453 certe
742 2388 832 2470 ipse
864 2407 1023 2470 qnoque
1046 2386 1284 2470 exscripsit.

205 2577 256 2642 Ao
285 2593 400 2640 vereor
428 2593 470 2639 ue
493 2573 535 2638 de
558 2573 674 2640 ceteris
697 2592 827 2657 quoque
848 2574 923 2640 libri
946 2573 1030 2640 sexti
1052 2574 1199 2658 partibus
1221 2573 1285 2638 viri

119 2681 207 2747 docti
231 2675 345 2744 adhuc
374 2675 554 2757 simplicius
582 2675 739 2741 iudicium
769 2695 867 2758 quam
897 2676 1006 2742 verius
1034 2675 1187 2758 iecerint,
1219 2693 1285 2740 non

120 2782 225 2848 solum
249 2775 434 2871 Nitcsohios
457 2777 566 2842 omnia
588 2795 607 2842 e
629 2777 747 2846 Licinii
769 2777 871 2844 Macri
893 2777 1064 2843 annalibus
1087 2777 1190 2860 petita
1212 2795 1285 2844 esse

210 2951 233 3012 1)
251 2945 270 2998 l.
287 2943 307 2998 l.
332 2959 360 3011 p.
380 2947 422 2997 39.
459 2935 509 2996 ‘So
532 2943 628 3009 gewiss
651 2959 709 2997 nun
732 2936 798 2998 aher
820 2944 885 3014 jene
908 2943 1042 3013 Augabsn
1070 2943 1117 2998 des
1144 2935 1284 2997 Plutarch'

120 3031 163 3097 (de
188 3031 228 3084 M.
248 3027 358 3083 Valerio
382 3031 410 3081 et
432 3027 576 3081 Publicola
596 3030 626 3081 in
649 3026 790 3082 Plutarchi
813 3031 869 3084 vita
892 3029 1064 3096 Publicolam
1091 3028 1127 3084 ci.
1151 3027 1283 3098 imprimis

122 3131 182 3186 cap.
200 3117 244 3182 20)
257 3107 320 3167 ‘aul
334 3113 435 3166 Antias
456 3113 657 3180 aurdokgehem
676 3128 706 3167 so
729 3113 824 3182 gewiss
841 3121 953 3170 mussan
970 3115 1042 3169 auch
1061 3113 1135 3169 diese
1149 3114 1234 3182 jenon
1253 3128 1284 3168 so

122 3200 288 3264 thuliche(nl
305 3197 355 3252 aui
370 3198 418 3250 ibn
436 3197 651 3264 nurdckgeiithrt
668 3191 793 3254 werden'.

208 3289 234 3351 2)
253 3282 295 3336 cf.
313 3281 395 3336 Dion.
413 3279 453 3334 VI
471 3283 518 3346 23,
540 3285 555 3335 3
575 3296 636 3336 cum
654 3281 712 3336 Lis.
728 3283 759 3359 ίΙΙ
777 3285 819 3348 23,
840 3287 886 3352 15;
909 3283 991 3339 Dion.
1009 3283 1049 3338 VI
1071 3287 1118 3350 43,
1147 3288 1158 3336 1
1180 3288 1208 3338 et
1225 3285 1241 3336 2
1259 3288 1287 3336 et

123 3374 164 3436 44,
184 3373 200 3422 2
219 3385 282 3424 cum
301 3367 360 3421 Liv.
378 3365 406 3420 ΙΙ
424 3370 465 3428 31,
486 3370 580 3434 i-lt,
598 3365 634 3420 ad
653 3382 723 3435 quae
742 3367 778 3422 cl.
796 3369 824 3424 h.
843 3367 951 3424 dissert
970 3385 1017 3438 pp.
1036 3373 1095 3434 255,
1113 3371 1163 3422 260
1173 3382 1215 3437 sq.

209 3456 237 3521 3)
256 3451 298 3506 Gfss
311 3450 491 3514 Nitaachium
509 3449 526 3502 l.
539 3449 558 3505 l.
572 3467 599 3519 p.
614 3455 645 3504 63
656 3468 697 3520 sq.
711 3453 864 3521 Glasonem,
881 3453 900 3508 l.
913 3453 931 3508 l.
942 3470 969 3522 p.
983 3452 1284 3520 91.Volkmarun1‚l.l.
1393 3499 1395 3505 ,

123 3557 151 3608 p.
164 3541 260 3604 tosta
279 3535 384 3604 Quibus
396 3537 449 3590 hoc
457 3533 559 3588 addere
570 3535 660 3591 liceat.
678 3537 836 3608 Dionysius,
848 3541 994 3608 postquam
1007 3539 1078 3593 bella
1090 3553 1163 3592 anno
1173 3539 1285 3608 asellas

120 3630 200 3690 gesta
218 3621 369 3686 enarravit,
393 3621 486 3674 statim
502 3623 539 3685 (c.
559 3623 602 3686 44)
620 3627 777 3690 sequentem
794 3637 897 3676 annum
914 3623 1080 3692 ingreditur,
1103 3639 1165 3677 cum
1182 3621 1285 3689 Livius,

123 3712 272 3776 antequam
296 3706 331 3762 ad
355 3705 430 3760 hunc
452 3720 554 3760 annum
572 3719 632 3760 sese
650 3707 796 3770 convertit,
818 3711 877 3762 toto
896 3722 957 3776 cap.
977 3711 1008 3761 27
1029 3707 1176 3762 seditiones
1194 3707 1286 3762 oivdm

123 3792 223 3846 iterum
240 3791 390 3854 excitatas,
408 3789 470 3858 quia
488 3793 600 3844 senatus
619 3788 725 3845 Servilii
741 3791 876 3860 promissa
893 3808 949 3846 non
966 3791 1099 3859 solvisset,
1117 3792 1286 3862 interponat.

124 3869 230 3930 Eadem
248 3890 311 3929 vero
331 3875 411 3928 etiam
427 3875 457 3928 in
469 3875 592 3944 Dionysii
610 3877 765 3930 narratione
783 3877 937 3931 necessario
955 3878 1107 3945 exspectes,
1124 3880 1285 3946 praesertim

125 3961 188 4015 coll.
208 3959 248 4016 VI
266 3963 308 4024 34,
321 3961 337 4012 2
350 3963 378 4012 et
390 3963 431 4026 76,
444 3963 469 4014 2.
495 3961 588 4014 Oritur
604 3960 688 4027 igitur
704 3959 826 4030 suspicio
844 3959 1006 4031 Dionysium
1025 3962 1178 4031 complures
1196 3962 1286 4018 fontes

125 4061 181 4099 una
201 4044 393 4114 inspicientem
416 4043 557 4100 erravisse.
593 4045 684 4098 Nihilo
708 4049 801 4098 tamen
824 4045 910 4100 setius
934 4045 962 4100 in
983 4046 1139 4102 uniuersum
1158 4062 1220 4102 eum
1238 4047 1285 4102 nni

125 4144 193 4198 prae
212 4131 309 4183 ceteris
327 4129 436 4184 auctori
454 4144 514 4184 sese
532 4128 638 4185 dedisse
656 4129 824 4194 crediderim.
