3134 4986
472 375 651 444 Quaestiones
667 376 877 434 Posidoniauae.
1191 378 1252 442 ³67

97 554 221 616 secutus
249 550 292 618 sit
318 548 474 616 barbarus
497 551 655 634 interpres
677 551 834 618 memoria
856 556 1033 620 teneamus.
1078 550 1182 632 Quem
1203 573 1253 620 ar·

96 652 216 718 tissime
244 651 425 718 versionem
454 645 545 718 suam
574 651 617 718 ad
639 651 797 720 Prisciani
827 653 1013 736 exemplum
1033 653 1253 738 adplicavisse

96 773 157 820 uon
179 751 310 820 difficile
334 758 384 820 est
398 753 576 820 intellectu.
609 751 696 832 Quid
712 753 800 836 quod
815 751 903 819 haud
918 774 990 821 raro
1006 761 1174 839 tantopere
1190 757 1254 823 sibi

95 853 226 924 indulsit
247 861 282 922 ut
296 853 439 921 Graecas
460 855 712 922 constructiones
734 855 886 922 retineret
908 855 950 922 ab
966 855 1074 924 Latini
1096 859 1253 926 sermonis

97 957 223 1040 iugenio
250 957 349 1040 plane
377 955 526 1022 alienas?
570 956 678 1022 Veluti
706 976 738 1040 p.
762 959 812 1038 67,
840 959 880 1022 30
909 957 1001 1042 Byvv.
1031 959 1170 1042 legimus
1200 953 1254 1026 ‘ut

97 1059 256 1141 congelari
289 1053 397 1124 adra':
437 1057 525 1141 quod
558 1058 604 1124 nil
637 1057 727 1126 alind
762 1077 833 1125 esse
866 1059 928 1126 nisi
962 1059 1121 1128 Graecum
1152 1050 1254 1126 ίὥστε

97 1155 357 1246 συμπήγνυσθαι
385 1156 444 1224 τὸν
478 1150 573 1244 dc'po'
600 1160 682 1226 bene
704 1161 847 1242 pervidit
869 1160 1070 1245 Byvvaterus.
1120 1163 1254 1231 Praeter

95 1261 176 1328 hanc
190 1262 257 1328 alia
269 1282 364 1346 quam
381 1263 523 1328 maxime
538 1259 691 1328 notabilis
706 1261 837 1328 barbari
852 1268 902 1328 est
916 1265 1114 1332 cousuetudo
1130 1267 1253 1352 qnippe

94 1383 114 1428 a
134 1381 198 1446 qua
219 1365 395 1446 explicatio
418 1364 629 1446 plurimorum
652 1383 795 1430 errorum
816 1364 1092 1450 plurimarumque
1109 1369 1252 1436 obscuri-

94 1471 190 1530 tatum
206 1465 364 1533 versionis
374 1465 511 1532 Latinae
526 1465 721 1532 arcessenda
735 1465 786 1532 sit.
821 1465 913 1532 Solet
924 1468 1075 1534 nimirum
1087 1469 1252 1536 virbonus

93 1567 125 1630 iu
154 1567 372 1636 convertendo
394 1567 536 1634 Graecos
564 1569 716 1634 articulos
745 1567 842 1650 plane
864 1569 1038 1651 neglegere
1061 1571 1252 1653 singulaque

93 1669 221 1734 nomina
235 1669 380 1736 articulis
394 1667 518 1734 nudata
532 1669 647 1736 eodem
663 1668 776 1735 ordine
791 1688 855 1752 quo
872 1671 1054 1738 conlocavit
1068 1671 1252 1740 Priscianus

92 1769 200 1852 Lydus
224 1769 390 1836 exhibere.
427 1767 520 1848 Quae
541 1769 624 1834 ratio
646 1768 723 1834 licet
744 1770 885 1854 simplex
901 1778 998 1855 atque
1015 1773 1186 1839 commoda
1200 1774 1252 1856 sit,

95 1879 198 1937 tamen
220 1891 324 1954 nsque
347 1891 475 1956 quaque
498 1888 689 1954 semperque
708 1872 799 1938 salvo
815 1893 911 1940 sensu
927 1875 1083 1958 salvaque
1098 1876 1252 1944 orationis

92 1974 321 2058 perspicuitate
349 1973 498 2058 usurpari
526 1991 590 2038 non
619 1978 735 2055 potest.
780 1975 831 2041 Ne
859 1977 979 2042 multus
1001 1978 1076 2059 sim,
1106 1997 1170 2044 uno
1193 1977 1252 2044 sed

93 2075 254 2142 luculento
282 2075 458 2142 admodum
481 2075 632 2156 exemplo
654 2072 822 2158 defungar.
856 2097 888 2160 p.
911 2081 962 2160 42,
987 2082 1026 2142 13
1050 2079 1141 2161 Byvv.
1170 2078 1252 2146 haec

92 2184 232 2246 exstant:
256 2175 318 2258 [usi
341 2171 461 2261 sumus}
481 2169 709 2260 ‘Didymoque
733 2177 774 2242 de
795 2177 970 2244 Aristotele
994 2185 1027 2246 et
1048 2181 1150 2263 ipsius
1173 2183 1249 2248 scri-

91 2285 180 2360 ptore
202 2269 412 2361 dogmatum'.
451 2276 620 2360 Sagaoiter
637 2278 828 2362 Bywaterus
851 2279 933 2346 haec
954 2281 1056 2346 verba
1070 2280 1195 2348 Graece
1217 2281 1251 2348 iu

93 2379 175 2448 hunc
196 2381 330 2446 modurn
353 2398 485 2445 sonasse
508 2378 684 2460 divinavit:
704 2373 860 2464 ‘Ardtpq
882 2404 920 2445 τε
935 2383 983 2465 τῷ
1005 2379 1252 2466 περὶἈρισσο-

90 2481 202 2558 τέλους
223 2483 282 2547 καὶ
303 2481 370 2544 τῶν
393 2471 494 2544 αὐτοῦ
514 2475 686 2562 γράψαντι
701 2477 901 2566 ὄσγμάσων’.
934 2483 1043 2550 Ησεοθ
1058 2485 1138 2552 duae
1154 2486 1250 2553 inter·

90 2586 188 2666 pretis
222 2583 472 2650 consuetudines
505 2583 615 2664 utique
648 2590 756 2652 teneat
789 2591 917 2668 oportet
950 2585 1144 2669 quicumque
1178 2607 1251 2656 cum

91 2686 256 2754 Prisciano
279 2687 394 2752 Latino
416 2704 485 2750 rem
507 2683 615 2750 habet.
653 2686 722 2752 Iam
745 2687 787 2752 de
802 2686 988 2752 Geminiani
1011 2687 1115 2752 libelli
1137 2689 1249 2754 inscri-

90 2790 198 2871 ptione
232 2787 411 2854 videamus.
463 2788 512 2852 Ac
544 2787 684 2869 primum
717 2788 849 2872 quidem
883 2809 1056 2872 quamnam
1090 2789 1249 2858 Graecam

91 2909 203 2956 vocem
237 2891 395 2973 interpres
424 2887 482 2953 illo
510 2880 725 2956 ‘commento'
758 2891 954 2973 expresserit
981 2890 1162 2958 rimandum
1190 2901 1249 2960 est.

91 2990 242 3075 Cogitate
264 2989 396 3074 quidem
418 2990 495 3054 licet
517 2991 645 3056 omniuo
668 2991 709 3057 de
727 2993 895 3058 vocabulis
918 2985 1102 3078 ὑπόμνημα
1125 3001 1158 3060 et
1178 2990 1247 3078 ,ἑξή-

88 3113 192 3180 γησις.
227 3091 342 3159 Utram
365 3110 478 3157 vocem
501 3092 685 3159 Priscianus
708 3093 835 3159 dederit
855 3091 944 3162 facili
967 3113 1067 3178 opera
1089 3095 1249 3163 diudicari

89 3201 204 3278 potest,
229 3192 306 3260 dum
328 3193 425 3260 modo
448 3194 577 3260 barbari
600 3195 783 3277 interpretis
805 3197 962 3262 rationem
984 3198 1131 3280 vertendi
1153 3201 1247 3266 remi·

91 3297 252 3364 piscamur
285 3313 422 3377 eamque
450 3293 628 3362 Priscianei
661 3295 796 3362 fontium
830 3298 977 3364 laterculi
1006 3299 1247 3382 inscriptionem

92 3398 311 3466 adsciscamus
333 3397 389 3462 ubi
411 3416 477 3462 vox
500 3399 670 3464 commenti
692 3401 836 3465 recurrit.
874 3399 1006 3466 Adserit
1028 3402 1113 3466 euim
1136 3402 1248 3482 Lydus
1332 3468 1333 3472 ,

90 3519 120 3582 p.
137 3503 189 3584 42,
208 3504 248 3563 14
266 3499 357 3582 Byvv.
381 3517 453 3564 sese
475 3517 568 3563 usum
584 3519 654 3566 esse
675 3493 721 3580 ‘et
736 3501 893 3568 Dorothei
908 3501 1110 3570 Naturalium
1124 3504 1247 3570 Aristo·
1315 3571 1319 3580 ,

91 3602 164 3668 telis
193 3591 393 3667 commento.²
440 3600 505 3666 Ubi
527 3621 600 3666 cum
623 3602 783 3668 vocabulo
805 3605 977 3670 commenti
999 3606 1169 3686 genetivus
1191 3605 1248 3672 ad-

90 3701 216 3769 iunctus
246 3703 305 3784 sit,
334 3721 534 3785 consequens
563 3709 613 3768 est
641 3710 676 3768 ot
701 3724 722 3768 a
744 3705 910 3772 Prisciano
940 3724 1005 3770 vox
1028 3701 1181 3792 ἐξήγησις
1209 3729 1248 3776 ac

90 3823 153 3869 non
181 3797 365 3888 ὑπόμνημα
394 3805 500 3888 posita
526 3804 632 3870 fuerit.
677 3805 791 3888 Neque
821 3807 905 3871 enim
929 3805 1046 3872 Graeci
1075 3810 1247 3893 scriptores

90 3907 282 3972 vocabulum
311 3899 495 3992 ὑπόμνημα
520 3909 576 3983 (=
596 3908 855 3982 commentarius)
889 3927 962 3972 cum
991 3910 1143 3990 genetivo
1172 3912 1246 3976 libri

90 4007 133 4072 ad
154 4027 250 4091 quem
272 4008 412 4090 pertinet
435 4007 497 4074 hoo
520 4008 673 4091 copulare
695 4007 816 4085 solent,
846 4007 906 4094 sed
928 4014 1058 4074 utuntur
1079 4014 1246 4096 praeposi-

91 4107 176 4175 tione
211 4106 259 4186 εἰς
293 4107 344 4185 (cf.
381 4109 482 4176 Maur.
518 4108 675 4176 Schmidt
702 4101 797 4174 ‘Did
821 4108 932 4180 Chalc.
961 4106 1032 4194 trg.'
1058 4131 1090 4195 p.
1117 4117 1155 4177 12
1168 4134 1238 4198 sqq.
